
<srw:record>
<srw:recordSchema>marcxchange</srw:recordSchema>
<srw:recordPacking>xml</srw:recordPacking>
<srw:recordData>
<mxc:record xmlns:mxc="info:lc/xmlns/marcxchange-v2" format="INTERMARC" id="ark:/12148/cb436865650" type="Bibliographic">   <mxc:leader>01156c01s 2200027 i245as</mxc:leader>   <mxc:controlfield tag="001">FRBNF436865650000004</mxc:controlfield>   <mxc:controlfield tag="003">http://catalogue.bnf.fr/ark:/12148/cb436865650</mxc:controlfield>   <mxc:controlfield tag="008">131007c 2009                 frfre bk 7b      </mxc:controlfield>   <mxc:controlfield tag="009">se   z      a   mm m</mxc:controlfield>   <mxc:controlfield tag="009">a                  </mxc:controlfield>   <mxc:datafield tag="022" ind1=" " ind2=" ">      <mxc:subfield code="a">2269-6407</mxc:subfield>      <mxc:subfield code="c">2269-6407</mxc:subfield>   </mxc:datafield>   <mxc:datafield tag="051" ind1=" " ind2=" ">      <mxc:subfield code="a">txt</mxc:subfield>      <mxc:subfield code="a">sti</mxc:subfield>      <mxc:subfield code="b">c</mxc:subfield>   </mxc:datafield>   <mxc:datafield tag="110" ind1=" " ind2=" ">      <mxc:subfield code="3">11874273</mxc:subfield>      <mxc:subfield code="1">ISNI0000000122005134</mxc:subfield>      <mxc:subfield code="w">20..b.....</mxc:subfield>      <mxc:subfield code="a">Centre international Jules Verne</mxc:subfield>      <mxc:subfield code="c">Amiens</mxc:subfield>      <mxc:subfield code="4">0070</mxc:subfield>   </mxc:datafield>   <mxc:datafield tag="210" ind1=" " ind2=" ">      <mxc:subfield code="a">Revuejulesverne</mxc:subfield>      <mxc:subfield code="b">Bloc-notes</mxc:subfield>   </mxc:datafield>   <mxc:datafield tag="222" ind1="1" ind2=" ">      <mxc:subfield code="a">Revuejulesverne</mxc:subfield>      <mxc:subfield code="b">Bloc-notes</mxc:subfield>   </mxc:datafield>   <mxc:datafield tag="245" ind1="1" ind2=" ">      <mxc:subfield code="a">Revuejulesverne</mxc:subfield>      <mxc:subfield code="d">Ressource électronique</mxc:subfield>      <mxc:subfield code="f">[Centre international Jules Verne]</mxc:subfield>   </mxc:datafield>   <mxc:datafield tag="257" ind1=" " ind2=" ">      <mxc:subfield code="a">Données textuelles et iconographiques en ligne</mxc:subfield>   </mxc:datafield>   <mxc:datafield tag="260" ind1=" " ind2=" ">      <mxc:subfield code="a">[Amiens]</mxc:subfield>      <mxc:subfield code="b">[7 rue Duthoit ; 80000]</mxc:subfield>      <mxc:subfield code="c">[Centre international Jules Verne]</mxc:subfield>      <mxc:subfield code="d">2009-</mxc:subfield>   </mxc:datafield>   <mxc:datafield tag="280" ind1=" " ind2=" ">      <mxc:subfield code="a">1 ressource dématérialisée</mxc:subfield>   </mxc:datafield>   <mxc:datafield tag="300" ind1=" " ind2=" ">      <mxc:subfield code="a">Blogue</mxc:subfield>      <mxc:subfield code="a">Notice rédigée d'après la consultation de la ressource, 2013-10-07</mxc:subfield>   </mxc:datafield>   <mxc:datafield tag="326" ind1="1" ind2=" ">      <mxc:subfield code="a">Mise à jour en continu</mxc:subfield>   </mxc:datafield>   <mxc:datafield tag="350" ind1=" " ind2=" ">      <mxc:subfield code="a">Titre provenant de l'écran-titre</mxc:subfield>   </mxc:datafield>   <mxc:datafield tag="676" ind1=" " ind2=" ">      <mxc:subfield code="3">13719183</mxc:subfield>      <mxc:subfield code="i">843.809</mxc:subfield>      <mxc:subfield code="v">23</mxc:subfield>      <mxc:subfield code="a">Roman de langue française - 1848-1899 - Histoire et critique</mxc:subfield>   </mxc:datafield>   <mxc:datafield tag="680" ind1="8" ind2=" ">      <mxc:subfield code="a">800</mxc:subfield>      <mxc:subfield code="h">800</mxc:subfield>   </mxc:datafield>   <mxc:datafield tag="750" ind1="2" ind2="0">      <mxc:subfield code="a">Revue Jules Verne</mxc:subfield>   </mxc:datafield>   <mxc:datafield tag="753" ind1="2" ind2="3">      <mxc:subfield code="a">Le Blog de RJV</mxc:subfield>   </mxc:datafield>   <mxc:datafield tag="787" ind1="2" ind2=" ">      <mxc:subfield code="3">37127630</mxc:subfield>      <mxc:subfield code="t">Revue Jules Verne</mxc:subfield>      <mxc:subfield code="x">1280-9136</mxc:subfield>   </mxc:datafield>   <mxc:datafield tag="856" ind1="4" ind2=" ">      <mxc:subfield code="q">1</mxc:subfield>      <mxc:subfield code="u">http://revuejulesverne.over-blog.com/</mxc:subfield>      <mxc:subfield code="d">20131007</mxc:subfield>      <mxc:subfield code="f">HTML</mxc:subfield>      <mxc:subfield code="m">a1</mxc:subfield>   </mxc:datafield>   <mxc:datafield tag="856" ind1="4" ind2=" ">      <mxc:subfield code="q">9</mxc:subfield>      <mxc:subfield code="u">https://web.archive.org/web/*/http://revuejulesverne.over-blog.com/</mxc:subfield>   </mxc:datafield>
</mxc:record>      </srw:recordData>
<srw:recordIdentifier>ark:/12148/cb436865650</srw:recordIdentifier>
<srw:recordPosition>2</srw:recordPosition>
<srw:extraRecordData>
<ixm:attr name="CreationDate">20131007</ixm:attr>
<ixm:attr name="LastModificationDate">20240711</ixm:attr>
<mn:score>12.839364</mn:score>
</srw:extraRecordData>
</srw:record>