
<srw:record>
<srw:recordSchema>marcxchange</srw:recordSchema>
<srw:recordPacking>xml</srw:recordPacking>
<srw:recordData>
<mxc:record xmlns:mxc="info:lc/xmlns/marcxchange-v2" format="INTERMARC" id="ark:/12148/cb34449907h" type="Bibliographic">   <mxc:leader>00769c01s 2200027  345a </mxc:leader>   <mxc:controlfield tag="001">FRBNF344499070000007</mxc:controlfield>   <mxc:controlfield tag="003">http://catalogue.bnf.fr/ark:/12148/cb34449907h</mxc:controlfield>   <mxc:controlfield tag="008">920131d 1991 1995            frfre pq 7b      </mxc:controlfield>   <mxc:controlfield tag="009">ax x          xx   </mxc:controlfield>   <mxc:datafield tag="015" ind1=" " ind2=" ">      <mxc:subfield code="a">19201988</mxc:subfield>   </mxc:datafield>   <mxc:datafield tag="022" ind1="1" ind2=" ">      <mxc:subfield code="a">1162-3926</mxc:subfield>      <mxc:subfield code="c">1162-3926</mxc:subfield>   </mxc:datafield>   <mxc:datafield tag="051" ind1=" " ind2=" ">      <mxc:subfield code="a">txt</mxc:subfield>      <mxc:subfield code="b">n</mxc:subfield>   </mxc:datafield>   <mxc:datafield tag="110" ind1=" " ind2=" ">      <mxc:subfield code="3">11874273</mxc:subfield>      <mxc:subfield code="1">ISNI0000000122005134</mxc:subfield>      <mxc:subfield code="w">20..b.....</mxc:subfield>      <mxc:subfield code="a">Centre international Jules Verne</mxc:subfield>      <mxc:subfield code="c">Amiens</mxc:subfield>      <mxc:subfield code="4">0070</mxc:subfield>   </mxc:datafield>   <mxc:datafield tag="222" ind1="1" ind2=" ">      <mxc:subfield code="a">Feuille de liaison - Centre de documentation Jules Verne</mxc:subfield>   </mxc:datafield>   <mxc:datafield tag="245" ind1="0" ind2=" ">      <mxc:subfield code="a">Feuille de liaison</mxc:subfield>      <mxc:subfield code="d">Texte imprimé</mxc:subfield>      <mxc:subfield code="f">Centre de documentation Jules Verne</mxc:subfield>   </mxc:datafield>   <mxc:datafield tag="255" ind1="2" ind2=" ">      <mxc:subfield code="a">N° 20 (1991, 4ème trimest.)</mxc:subfield>      <mxc:subfield code="b">n° 35/36 (1995, 2e trimest.)</mxc:subfield>   </mxc:datafield>   <mxc:datafield tag="260" ind1=" " ind2=" ">      <mxc:subfield code="a">Amiens</mxc:subfield>      <mxc:subfield code="b">2 rue Charles-Dubois, 80000</mxc:subfield>      <mxc:subfield code="c">Centre de documentation Jules Verne</mxc:subfield>      <mxc:subfield code="d">1991-1995</mxc:subfield>   </mxc:datafield>   <mxc:datafield tag="280" ind1=" " ind2=" ">      <mxc:subfield code="d">30 cm</mxc:subfield>   </mxc:datafield>   <mxc:datafield tag="676" ind1=" " ind2=" ">      <mxc:subfield code="3">13590548</mxc:subfield>      <mxc:subfield code="i">843.8</mxc:subfield>      <mxc:subfield code="g">critique</mxc:subfield>      <mxc:subfield code="v">23</mxc:subfield>   </mxc:datafield>   <mxc:datafield tag="680" ind1="1" ind2=" ">      <mxc:subfield code="a">800</mxc:subfield>   </mxc:datafield>   <mxc:datafield tag="750" ind1="0" ind2="3">      <mxc:subfield code="a">Jules Verne</mxc:subfield>      <mxc:subfield code="b">Amiens. 1991</mxc:subfield>   </mxc:datafield>   <mxc:datafield tag="780" ind1=" " ind2="0">      <mxc:subfield code="3">34408295</mxc:subfield>      <mxc:subfield code="t">JV (Amiens)</mxc:subfield>      <mxc:subfield code="x">0990-817X</mxc:subfield>   </mxc:datafield>   <mxc:datafield tag="785" ind1=" " ind2="0">      <mxc:subfield code="3">37127630</mxc:subfield>      <mxc:subfield code="t">Revue Jules Verne</mxc:subfield>      <mxc:subfield code="x">1280-9136</mxc:subfield>   </mxc:datafield>   <mxc:datafield tag="917" ind1=" " ind2=" ">      <mxc:subfield code="o">OPL</mxc:subfield>      <mxc:subfield code="a">013740424</mxc:subfield>   </mxc:datafield>   <mxc:datafield tag="970" ind1=" " ind2=" ">      <mxc:subfield code="l">D4</mxc:subfield>   </mxc:datafield>
</mxc:record>      </srw:recordData>
<srw:recordIdentifier>ark:/12148/cb34449907h</srw:recordIdentifier>
<srw:recordPosition>4</srw:recordPosition>
<srw:extraRecordData>
<ixm:attr name="CreationDate">19920131</ixm:attr>
<ixm:attr name="LastModificationDate">20130626</ixm:attr>
<mn:score>12.6715555</mn:score>
</srw:extraRecordData>
</srw:record>