
<srw:record>
<srw:recordSchema>marcxchange</srw:recordSchema>
<srw:recordPacking>xml</srw:recordPacking>
<srw:recordData>
<mxc:record xmlns:mxc="info:lc/xmlns/marcxchange-v2" format="INTERMARC" id="ark:/12148/cb388395361" type="Bibliographic">   <mxc:leader>00743c01s 2200027  345a </mxc:leader>   <mxc:controlfield tag="001">FRBNF388395360000001</mxc:controlfield>   <mxc:controlfield tag="003">http://catalogue.bnf.fr/ark:/12148/cb388395361</mxc:controlfield>   <mxc:controlfield tag="008">020618d 2001 2002            frfre p? 7b      </mxc:controlfield>   <mxc:controlfield tag="009">a                  </mxc:controlfield>   <mxc:datafield tag="015" ind1=" " ind2=" ">      <mxc:subfield code="a">10202509</mxc:subfield>      <mxc:subfield code="d">20020101</mxc:subfield>   </mxc:datafield>   <mxc:datafield tag="022" ind1="1" ind2=" ">      <mxc:subfield code="a">1635-057X</mxc:subfield>      <mxc:subfield code="c">1635-057X</mxc:subfield>      <mxc:subfield code="d">le n° 2,50 EUR</mxc:subfield>   </mxc:datafield>   <mxc:datafield tag="051" ind1=" " ind2=" ">      <mxc:subfield code="a">txt</mxc:subfield>      <mxc:subfield code="b">n</mxc:subfield>   </mxc:datafield>   <mxc:datafield tag="110" ind1=" " ind2=" ">      <mxc:subfield code="3">11874273</mxc:subfield>      <mxc:subfield code="1">ISNI0000000122005134</mxc:subfield>      <mxc:subfield code="w">20..b.....</mxc:subfield>      <mxc:subfield code="a">Centre international Jules Verne</mxc:subfield>      <mxc:subfield code="c">Amiens</mxc:subfield>      <mxc:subfield code="4">0070</mxc:subfield>   </mxc:datafield>   <mxc:datafield tag="222" ind1="0" ind2=" ">      <mxc:subfield code="a">Jules Verne junior</mxc:subfield>   </mxc:datafield>   <mxc:datafield tag="245" ind1="1" ind2=" ">      <mxc:subfield code="a">Jules Verne junior</mxc:subfield>      <mxc:subfield code="d">Texte imprimé</mxc:subfield>      <mxc:subfield code="e">la gazette des enfants qui rêvent le monde</mxc:subfield>      <mxc:subfield code="f">[Centre international Jules Verne]</mxc:subfield>      <mxc:subfield code="g">[dir. publ. Nicolas Meyer]</mxc:subfield>   </mxc:datafield>   <mxc:datafield tag="255" ind1="2" ind2=" ">      <mxc:subfield code="a">[N°1(2001,juin)]</mxc:subfield>      <mxc:subfield code="b">N°  3(2002,juil.)</mxc:subfield>   </mxc:datafield>   <mxc:datafield tag="260" ind1=" " ind2=" ">      <mxc:subfield code="a">Amiens</mxc:subfield>      <mxc:subfield code="b">2 rue Charles-Dubois, 80000</mxc:subfield>      <mxc:subfield code="c">Centre international Jules Verne</mxc:subfield>      <mxc:subfield code="d">[2001]-2002</mxc:subfield>   </mxc:datafield>   <mxc:datafield tag="280" ind1=" " ind2=" ">      <mxc:subfield code="d">33 cm</mxc:subfield>   </mxc:datafield>   <mxc:datafield tag="300" ind1=" " ind2=" ">      <mxc:subfield code="a">Date de début d'après le site web de l'éditeur</mxc:subfield>      <mxc:subfield code="a">Notice réd. d'après le n°2 de 2002</mxc:subfield>   </mxc:datafield>   <mxc:datafield tag="676" ind1=" " ind2=" ">      <mxc:subfield code="3">13763778</mxc:subfield>      <mxc:subfield code="i">054.108 3</mxc:subfield>      <mxc:subfield code="v">23</mxc:subfield>   </mxc:datafield>   <mxc:datafield tag="680" ind1="1" ind2=" ">      <mxc:subfield code="a">073</mxc:subfield>      <mxc:subfield code="c">073</mxc:subfield>   </mxc:datafield>
</mxc:record>      </srw:recordData>
<srw:recordIdentifier>ark:/12148/cb388395361</srw:recordIdentifier>
<srw:recordPosition>5</srw:recordPosition>
<srw:extraRecordData>
<ixm:attr name="CreationDate">20020618</ixm:attr>
<ixm:attr name="LastModificationDate">20130628</ixm:attr>
<mn:score>12.546048</mn:score>
</srw:extraRecordData>
</srw:record>