
<srw:record>
<srw:recordSchema>marcxchange</srw:recordSchema>
<srw:recordPacking>xml</srw:recordPacking>
<srw:recordData>
<mxc:record xmlns:mxc="info:lc/xmlns/marcxchange-v2" format="INTERMARC" id="ark:/12148/cb42552332k" type="Bibliographic">   <mxc:leader>01094c01s 2200027  345a </mxc:leader>   <mxc:controlfield tag="001">FRBNF425523320000009</mxc:controlfield>   <mxc:controlfield tag="003">http://catalogue.bnf.fr/ark:/12148/cb42552332k</mxc:controlfield>   <mxc:controlfield tag="008">111122d 2011 2012            frfre pa 7b      </mxc:controlfield>   <mxc:controlfield tag="009">af d r s           </mxc:controlfield>   <mxc:datafield tag="015" ind1=" " ind2=" ">      <mxc:subfield code="a">11105854</mxc:subfield>      <mxc:subfield code="d">20110101</mxc:subfield>   </mxc:datafield>   <mxc:datafield tag="022" ind1=" " ind2=" ">      <mxc:subfield code="a">2119-9175</mxc:subfield>      <mxc:subfield code="c">2119-9175</mxc:subfield>      <mxc:subfield code="d">le vol. 20 EUR</mxc:subfield>   </mxc:datafield>   <mxc:datafield tag="051" ind1=" " ind2=" ">      <mxc:subfield code="a">txt</mxc:subfield>      <mxc:subfield code="b">n</mxc:subfield>   </mxc:datafield>   <mxc:datafield tag="110" ind1=" " ind2=" ">      <mxc:subfield code="3">11872666</mxc:subfield>      <mxc:subfield code="1">ISNI0000000121580620</mxc:subfield>      <mxc:subfield code="w">20..b.....</mxc:subfield>      <mxc:subfield code="a">Club Verne</mxc:subfield>      <mxc:subfield code="4">0070</mxc:subfield>   </mxc:datafield>   <mxc:datafield tag="210" ind1=" " ind2=" ">      <mxc:subfield code="a">Jules Verne Cie</mxc:subfield>   </mxc:datafield>   <mxc:datafield tag="222" ind1="0" ind2=" ">      <mxc:subfield code="a">Jules Verne &amp; Cie</mxc:subfield>   </mxc:datafield>   <mxc:datafield tag="245" ind1="1" ind2=" ">      <mxc:subfield code="a">Jules Verne &amp; Cie</mxc:subfield>      <mxc:subfield code="d">Texte imprimé</mxc:subfield>      <mxc:subfield code="e">bulletin du Club Verne</mxc:subfield>      <mxc:subfield code="f">[directeur de publication Daniel Compère]</mxc:subfield>   </mxc:datafield>   <mxc:datafield tag="255" ind1="2" ind2=" ">      <mxc:subfield code="a">N° 1 (2011)</mxc:subfield>      <mxc:subfield code="b">[n° 2 (2012)]</mxc:subfield>   </mxc:datafield>   <mxc:datafield tag="260" ind1=" " ind2=" ">      <mxc:subfield code="a">Amiens</mxc:subfield>      <mxc:subfield code="b">BP 20119 ; 80001 Cedex 1</mxc:subfield>      <mxc:subfield code="c">Association des amis du roman populaire</mxc:subfield>      <mxc:subfield code="a">Amiens</mxc:subfield>      <mxc:subfield code="b">BP 40451 ; 8004 Cedex 1</mxc:subfield>      <mxc:subfield code="c">Encrage éd.</mxc:subfield>      <mxc:subfield code="d">2011-2012</mxc:subfield>   </mxc:datafield>   <mxc:datafield tag="270" ind1=" " ind2=" ">      <mxc:subfield code="a">Impr. en Belgique</mxc:subfield>   </mxc:datafield>   <mxc:datafield tag="280" ind1=" " ind2=" ">      <mxc:subfield code="a">vol</mxc:subfield>      <mxc:subfield code="d">20 cm</mxc:subfield>   </mxc:datafield>   <mxc:datafield tag="300" ind1=" " ind2=" ">      <mxc:subfield code="a">Chaque n° traite d'un thème particulier et porte un titre propre : 1-L'Asie mystérieuse, etc.</mxc:subfield>      <mxc:subfield code="a">Sommaires disponibles en ligne à l'adresse http://www.fictionbis.com/clubverne</mxc:subfield>      <mxc:subfield code="a">Seul n° reçu au titre du dépôt légal : n° 1 (2011)</mxc:subfield>   </mxc:datafield>   <mxc:datafield tag="326" ind1="1" ind2=" ">      <mxc:subfield code="a">Annuel</mxc:subfield>   </mxc:datafield>   <mxc:datafield tag="600" ind1=" " ind2=" ">      <mxc:subfield code="3">11928016</mxc:subfield>      <mxc:subfield code="a">Verne</mxc:subfield>      <mxc:subfield code="m">Jules</mxc:subfield>      <mxc:subfield code="d">1828-1905</mxc:subfield>      <mxc:subfield code="3">12042895</mxc:subfield>      <mxc:subfield code="x">Critique et interprétation</mxc:subfield>   </mxc:datafield>   <mxc:datafield tag="676" ind1=" " ind2=" ">      <mxc:subfield code="3">13590548</mxc:subfield>      <mxc:subfield code="i">843.8</mxc:subfield>      <mxc:subfield code="g">critique</mxc:subfield>      <mxc:subfield code="v">23</mxc:subfield>   </mxc:datafield>   <mxc:datafield tag="680" ind1="1" ind2=" ">      <mxc:subfield code="a">800</mxc:subfield>      <mxc:subfield code="c">800</mxc:subfield>   </mxc:datafield>   <mxc:datafield tag="750" ind1="2" ind2="0">      <mxc:subfield code="a">Jules Verne et compagnie</mxc:subfield>   </mxc:datafield>   <mxc:datafield tag="761" ind1="2" ind2=" ">      <mxc:subfield code="3">36135549</mxc:subfield>      <mxc:subfield code="t">Le Rocambole</mxc:subfield>      <mxc:subfield code="x">1253-5885</mxc:subfield>   </mxc:datafield>
</mxc:record>      </srw:recordData>
<srw:recordIdentifier>ark:/12148/cb42552332k</srw:recordIdentifier>
<srw:recordPosition>7</srw:recordPosition>
<srw:extraRecordData>
<ixm:attr name="CreationDate">20111122</ixm:attr>
<ixm:attr name="LastModificationDate">20160427</ixm:attr>
<mn:score>12.310325</mn:score>
</srw:extraRecordData>
</srw:record>