
<srw:record>
<srw:recordSchema>marcxchange</srw:recordSchema>
<srw:recordPacking>xml</srw:recordPacking>
<srw:recordData>
<mxc:record xmlns:mxc="info:lc/xmlns/marcxchange-v2" format="INTERMARC" id="ark:/12148/cb371276306" type="Bibliographic">   <mxc:leader>01007c01s 2200027  345a </mxc:leader>   <mxc:controlfield tag="001">FRBNF37127630000000X</mxc:controlfield>   <mxc:controlfield tag="003">http://catalogue.bnf.fr/ark:/12148/cb371276306</mxc:controlfield>   <mxc:controlfield tag="008">970414d 1996 2014            frfre p? 7b      </mxc:controlfield>   <mxc:controlfield tag="009">a                  </mxc:controlfield>   <mxc:datafield tag="015" ind1=" " ind2=" ">      <mxc:subfield code="a">10302493</mxc:subfield>   </mxc:datafield>   <mxc:datafield tag="022" ind1="1" ind2=" ">      <mxc:subfield code="a">1280-9136</mxc:subfield>      <mxc:subfield code="c">1280-9136</mxc:subfield>      <mxc:subfield code="d">le n ° 40 F</mxc:subfield>   </mxc:datafield>   <mxc:datafield tag="051" ind1=" " ind2=" ">      <mxc:subfield code="a">txt</mxc:subfield>      <mxc:subfield code="b">n</mxc:subfield>   </mxc:datafield>   <mxc:datafield tag="110" ind1=" " ind2=" ">      <mxc:subfield code="3">11874273</mxc:subfield>      <mxc:subfield code="1">ISNI0000000122005134</mxc:subfield>      <mxc:subfield code="w">20..b.....</mxc:subfield>      <mxc:subfield code="a">Centre international Jules Verne</mxc:subfield>      <mxc:subfield code="c">Amiens</mxc:subfield>      <mxc:subfield code="4">0070</mxc:subfield>   </mxc:datafield>   <mxc:datafield tag="222" ind1="0" ind2=" ">      <mxc:subfield code="a">Revue Jules Verne</mxc:subfield>   </mxc:datafield>   <mxc:datafield tag="245" ind1="1" ind2=" ">      <mxc:subfield code="a">Revue Jules Verne</mxc:subfield>      <mxc:subfield code="d">Texte imprimé</mxc:subfield>      <mxc:subfield code="e">revue du Centre de documentation Jules Verne d'Amiens</mxc:subfield>   </mxc:datafield>   <mxc:datafield tag="255" ind1="2" ind2=" ">      <mxc:subfield code="a">N° 1 (1996, 1er semest.)</mxc:subfield>      <mxc:subfield code="b">n° 38 (2014)</mxc:subfield>   </mxc:datafield>   <mxc:datafield tag="260" ind1=" " ind2=" ">      <mxc:subfield code="a">Amiens</mxc:subfield>      <mxc:subfield code="b">2 rue Charles Dubois, 80000</mxc:subfield>      <mxc:subfield code="c">Centre de documentation Jules Verne</mxc:subfield>      <mxc:subfield code="d">1996-2014</mxc:subfield>   </mxc:datafield>   <mxc:datafield tag="280" ind1=" " ind2=" ">      <mxc:subfield code="d">20 cm</mxc:subfield>   </mxc:datafield>   <mxc:datafield tag="350" ind1=" " ind2=" ">      <mxc:subfield code="a">Directeur de la publication Eric Hayat</mxc:subfield>   </mxc:datafield>   <mxc:datafield tag="676" ind1=" " ind2=" ">      <mxc:subfield code="3">13590548</mxc:subfield>      <mxc:subfield code="i">843.8</mxc:subfield>      <mxc:subfield code="g">critique</mxc:subfield>      <mxc:subfield code="v">23</mxc:subfield>   </mxc:datafield>   <mxc:datafield tag="680" ind1="1" ind2=" ">      <mxc:subfield code="a">800</mxc:subfield>   </mxc:datafield>   <mxc:datafield tag="690" ind1=" " ind2=" ">      <mxc:subfield code="a">UnivJeun0</mxc:subfield>   </mxc:datafield>   <mxc:datafield tag="690" ind1=" " ind2=" ">      <mxc:subfield code="a">JRevAdul</mxc:subfield>   </mxc:datafield>   <mxc:datafield tag="690" ind1=" " ind2=" ">      <mxc:subfield code="a">CorPress</mxc:subfield>   </mxc:datafield>   <mxc:datafield tag="700" ind1=" " ind2=" ">      <mxc:subfield code="3">16814325</mxc:subfield>      <mxc:subfield code="w">....b.....</mxc:subfield>      <mxc:subfield code="a">Hayat</mxc:subfield>      <mxc:subfield code="m">Eric</mxc:subfield>      <mxc:subfield code="4">0330</mxc:subfield>   </mxc:datafield>   <mxc:datafield tag="768" ind1="1" ind2=" ">      <mxc:subfield code="3">39914406</mxc:subfield>      <mxc:subfield code="t">Une ville idéale</mxc:subfield>      <mxc:subfield code="y">2-901811-16-7</mxc:subfield>   </mxc:datafield>   <mxc:datafield tag="780" ind1=" " ind2="0">      <mxc:subfield code="3">34449907</mxc:subfield>      <mxc:subfield code="t">Feuille de liaison - Centre de documentation Jules Verne</mxc:subfield>      <mxc:subfield code="x">1162-3926</mxc:subfield>   </mxc:datafield>   <mxc:datafield tag="787" ind1="2" ind2=" ">      <mxc:subfield code="3">43686565</mxc:subfield>      <mxc:subfield code="t">Revuejulesverne (Bloc-notes)</mxc:subfield>      <mxc:subfield code="x">2269-6407</mxc:subfield>   </mxc:datafield>   <mxc:datafield tag="917" ind1=" " ind2=" ">      <mxc:subfield code="o">OPL</mxc:subfield>      <mxc:subfield code="a">02246614X</mxc:subfield>   </mxc:datafield>   <mxc:datafield tag="970" ind1=" " ind2=" ">      <mxc:subfield code="l">D4</mxc:subfield>   </mxc:datafield>   <mxc:datafield tag="996" ind1=" " ind2=" ">      <mxc:subfield code="o">OPP</mxc:subfield>      <mxc:subfield code="a">41867565</mxc:subfield>      <mxc:subfield code="d">20150615</mxc:subfield>   </mxc:datafield>   <mxc:datafield tag="998" ind1=" " ind2=" ">      <mxc:subfield code="o">ALS</mxc:subfield>      <mxc:subfield code="a">1254950</mxc:subfield>   </mxc:datafield>
</mxc:record>      </srw:recordData>
<srw:recordIdentifier>ark:/12148/cb371276306</srw:recordIdentifier>
<srw:recordPosition>8</srw:recordPosition>
<srw:extraRecordData>
<ixm:attr name="CreationDate">19970414</ixm:attr>
<ixm:attr name="LastModificationDate">20200109</ixm:attr>
<mn:score>12.031669</mn:score>
</srw:extraRecordData>
</srw:record>