
<srw:record>
<srw:recordSchema>marcxchange</srw:recordSchema>
<srw:recordPacking>xml</srw:recordPacking>
<srw:recordData>
<mxc:record xmlns:mxc="info:lc/xmlns/marcxchange-v2" format="INTERMARC" id="ark:/12148/cb34407518r" type="Bibliographic">   <mxc:leader>01436c01s 2200027  345a </mxc:leader>   <mxc:controlfield tag="001">FRBNF344075180000005</mxc:controlfield>   <mxc:controlfield tag="003">http://catalogue.bnf.fr/ark:/12148/cb34407518r</mxc:controlfield>   <mxc:controlfield tag="008">880407c 1935                 frfre pq 7b      </mxc:controlfield>   <mxc:controlfield tag="009">ax x          xx   </mxc:controlfield>   <mxc:datafield tag="022" ind1=" " ind2=" ">      <mxc:subfield code="a">0986-2226</mxc:subfield>      <mxc:subfield code="c">0986-2226</mxc:subfield>   </mxc:datafield>   <mxc:datafield tag="051" ind1=" " ind2=" ">      <mxc:subfield code="a">txt</mxc:subfield>      <mxc:subfield code="b">n</mxc:subfield>   </mxc:datafield>   <mxc:datafield tag="110" ind1=" " ind2=" ">      <mxc:subfield code="3">12124662</mxc:subfield>      <mxc:subfield code="1">ISNI0000000087811594</mxc:subfield>      <mxc:subfield code="w">20..b.....</mxc:subfield>      <mxc:subfield code="a">Société Jules Verne</mxc:subfield>      <mxc:subfield code="4">0070</mxc:subfield>   </mxc:datafield>   <mxc:datafield tag="210" ind1=" " ind2=" ">      <mxc:subfield code="a">Bull. Soc. Jules Verne</mxc:subfield>   </mxc:datafield>   <mxc:datafield tag="222" ind1="0" ind2=" ">      <mxc:subfield code="a">Bulletin de la Société Jules Verne</mxc:subfield>   </mxc:datafield>   <mxc:datafield tag="245" ind1="1" ind2=" ">      <mxc:subfield code="a">Bulletin de la Société Jules Verne</mxc:subfield>      <mxc:subfield code="d">Texte imprimé</mxc:subfield>   </mxc:datafield>   <mxc:datafield tag="255" ind1="2" ind2=" ">      <mxc:subfield code="a">[1re année,] n° 1 (novembre 1935)</mxc:subfield>      <mxc:subfield code="b">3e année, n° 11/13 (juillet/décembre 1938)</mxc:subfield>   </mxc:datafield>   <mxc:datafield tag="255" ind1="2" ind2=" ">      <mxc:subfield code="a">nouvelle série, n° 1 (janvier 1967)</mxc:subfield>   </mxc:datafield>   <mxc:datafield tag="260" ind1=" " ind2=" ">      <mxc:subfield code="a">Paris</mxc:subfield>      <mxc:subfield code="c">Société Jules Verne</mxc:subfield>      <mxc:subfield code="d">1935-</mxc:subfield>   </mxc:datafield>   <mxc:datafield tag="280" ind1=" " ind2=" ">      <mxc:subfield code="a">vol.</mxc:subfield>      <mxc:subfield code="c">ill.</mxc:subfield>      <mxc:subfield code="d">24 cm</mxc:subfield>   </mxc:datafield>   <mxc:datafield tag="351" ind1=" " ind2=" ">      <mxc:subfield code="a">Les n° 1-11/13 (1935-1938) ont donné lieu à une reproduction en fac-similé constituant les numéros spéciaux hors série 1-3 (1969-1974)</mxc:subfield>   </mxc:datafield>   <mxc:datafield tag="376" ind1=" " ind2=" ">      <mxc:subfield code="k">77630</mxc:subfield>      <mxc:subfield code="t">Bulletin de la Société Jules Verne (Reproduction numérique)</mxc:subfield>      <mxc:subfield code="x">2540-3893</mxc:subfield>      <mxc:subfield code="u">https://gallica.bnf.fr/ark:/12148/cb34407518r/date</mxc:subfield>      <mxc:subfield code="a">Bibliothèque nationale de France</mxc:subfield>   </mxc:datafield>   <mxc:datafield tag="600" ind1=" " ind2=" ">      <mxc:subfield code="3">11928016</mxc:subfield>      <mxc:subfield code="a">Verne</mxc:subfield>      <mxc:subfield code="m">Jules</mxc:subfield>      <mxc:subfield code="d">1828-1905</mxc:subfield>   </mxc:datafield>   <mxc:datafield tag="608" ind1=" " ind2=" ">      <mxc:subfield code="3">11933071</mxc:subfield>      <mxc:subfield code="a">Périodique</mxc:subfield>   </mxc:datafield>   <mxc:datafield tag="676" ind1=" " ind2=" ">      <mxc:subfield code="3">13590548</mxc:subfield>      <mxc:subfield code="i">843.8</mxc:subfield>      <mxc:subfield code="g">critique</mxc:subfield>      <mxc:subfield code="v">23</mxc:subfield>   </mxc:datafield>   <mxc:datafield tag="680" ind1="6" ind2=" ">      <mxc:subfield code="a">840</mxc:subfield>      <mxc:subfield code="d">840</mxc:subfield>   </mxc:datafield>   <mxc:datafield tag="690" ind1=" " ind2=" ">      <mxc:subfield code="a">FichUnif</mxc:subfield>   </mxc:datafield>   <mxc:datafield tag="690" ind1=" " ind2=" ">      <mxc:subfield code="a">PERUARS</mxc:subfield>   </mxc:datafield>   <mxc:datafield tag="690" ind1=" " ind2=" ">      <mxc:subfield code="a">CorPress</mxc:subfield>   </mxc:datafield>   <mxc:datafield tag="768" ind1="0" ind2=" ">      <mxc:subfield code="3">36654463</mxc:subfield>      <mxc:subfield code="t">Bibliographie analytique de toutes les oeuvres de Jules Verne</mxc:subfield>   </mxc:datafield>   <mxc:datafield tag="917" ind1=" " ind2=" ">      <mxc:subfield code="o">OPL</mxc:subfield>      <mxc:subfield code="a">005813132</mxc:subfield>   </mxc:datafield>   <mxc:datafield tag="970" ind1=" " ind2=" ">      <mxc:subfield code="l">D4</mxc:subfield>   </mxc:datafield>   <mxc:datafield tag="990" ind1=" " ind2=" ">      <mxc:subfield code="b">TYC</mxc:subfield>      <mxc:subfield code="c">Doute sur le type, cote illisible, Cote hors dictionnaire</mxc:subfield>      <mxc:subfield code="e">ARS-FU</mxc:subfield>   </mxc:datafield>   <mxc:datafield tag="996" ind1=" " ind2=" ">      <mxc:subfield code="o">OPP</mxc:subfield>      <mxc:subfield code="a">32724672</mxc:subfield>      <mxc:subfield code="d">20061130</mxc:subfield>   </mxc:datafield>   <mxc:datafield tag="998" ind1=" " ind2=" ">      <mxc:subfield code="o">GEA</mxc:subfield>      <mxc:subfield code="a">006091327</mxc:subfield>   </mxc:datafield>   <mxc:datafield tag="998" ind1=" " ind2=" ">      <mxc:subfield code="o">OPP</mxc:subfield>      <mxc:subfield code="a">33946301</mxc:subfield>   </mxc:datafield>   <mxc:datafield tag="998" ind1=" " ind2=" ">      <mxc:subfield code="o">CRI</mxc:subfield>      <mxc:subfield code="a">CO016801170001P</mxc:subfield>   </mxc:datafield>   <mxc:datafield tag="998" ind1=" " ind2=" ">      <mxc:subfield code="o">OPP</mxc:subfield>      <mxc:subfield code="a">40241389</mxc:subfield>   </mxc:datafield>   <mxc:datafield tag="998" ind1=" " ind2=" ">      <mxc:subfield code="o">OPP</mxc:subfield>      <mxc:subfield code="a">40241391</mxc:subfield>   </mxc:datafield>   <mxc:datafield tag="998" ind1=" " ind2=" ">      <mxc:subfield code="o">CRI</mxc:subfield>      <mxc:subfield code="a">PR008603750001J</mxc:subfield>   </mxc:datafield>   <mxc:datafield tag="998" ind1=" " ind2=" ">      <mxc:subfield code="o">OPP</mxc:subfield>      <mxc:subfield code="a">41136311</mxc:subfield>   </mxc:datafield>   <mxc:datafield tag="998" ind1=" " ind2=" ">      <mxc:subfield code="o">ARS</mxc:subfield>      <mxc:subfield code="a">FU443007320001</mxc:subfield>   </mxc:datafield>
</mxc:record>      </srw:recordData>
<srw:recordIdentifier>ark:/12148/cb34407518r</srw:recordIdentifier>
<srw:recordPosition>9</srw:recordPosition>
<srw:extraRecordData>
<ixm:attr name="CreationDate">19880407</ixm:attr>
<ixm:attr name="LastModificationDate">20200107</ixm:attr>
<mn:score>11.8994875</mn:score>
</srw:extraRecordData>
</srw:record>