
<srw:record>
<srw:recordSchema>marcxchange</srw:recordSchema>
<srw:recordPacking>xml</srw:recordPacking>
<srw:recordData>
<mxc:record xmlns:mxc="info:lc/xmlns/marcxchange-v2" format="INTERMARC" id="ark:/12148/cb437846998" type="Bibliographic">   <mxc:leader>00727c01s 2200027  345a </mxc:leader>   <mxc:controlfield tag="001">FRBNF437846990000001</mxc:controlfield>   <mxc:controlfield tag="003">http://catalogue.bnf.fr/ark:/12148/cb437846998</mxc:controlfield>   <mxc:controlfield tag="008">140318d 2012 2015            frfre pa 7b      </mxc:controlfield>   <mxc:controlfield tag="009">af   c             </mxc:controlfield>   <mxc:datafield tag="015" ind1=" " ind2=" ">      <mxc:subfield code="a">11400812</mxc:subfield>      <mxc:subfield code="d">20140101</mxc:subfield>   </mxc:datafield>   <mxc:datafield tag="022" ind1="1" ind2=" ">      <mxc:subfield code="a">2272-4834</mxc:subfield>      <mxc:subfield code="c">2272-4834</mxc:subfield>      <mxc:subfield code="d">le vol. 20 EUR</mxc:subfield>   </mxc:datafield>   <mxc:datafield tag="051" ind1=" " ind2=" ">      <mxc:subfield code="a">txt</mxc:subfield>      <mxc:subfield code="b">n</mxc:subfield>   </mxc:datafield>   <mxc:datafield tag="110" ind1=" " ind2=" ">      <mxc:subfield code="3">16750299</mxc:subfield>      <mxc:subfield code="w">20..b.fre.</mxc:subfield>      <mxc:subfield code="a">Lycée français Jules Verne</mxc:subfield>      <mxc:subfield code="c">Johannesburg, Afrique du Sud</mxc:subfield>      <mxc:subfield code="c">Pretoria</mxc:subfield>      <mxc:subfield code="4">0070</mxc:subfield>   </mxc:datafield>   <mxc:datafield tag="222" ind1="0" ind2=" ">      <mxc:subfield code="a">Recueil de nouvelles "Nouvelles australes" ...</mxc:subfield>   </mxc:datafield>   <mxc:datafield tag="245" ind1="1" ind2=" ">      <mxc:subfield code="a">Recueil de nouvelles "Nouvelles australes" ...</mxc:subfield>      <mxc:subfield code="d">Texte imprimé</mxc:subfield>      <mxc:subfield code="f">Lycée Jules Verne Johannesburg Afrique du Sud</mxc:subfield>   </mxc:datafield>   <mxc:datafield tag="255" ind1="2" ind2=" ">      <mxc:subfield code="a">2012</mxc:subfield>      <mxc:subfield code="b">2015</mxc:subfield>   </mxc:datafield>   <mxc:datafield tag="260" ind1=" " ind2=" ">      <mxc:subfield code="a">Saint-Denis</mxc:subfield>      <mxc:subfield code="b">175 bd Anatole-France ; 93200</mxc:subfield>      <mxc:subfield code="c">Edilivre</mxc:subfield>      <mxc:subfield code="d">2012-2015</mxc:subfield>   </mxc:datafield>   <mxc:datafield tag="280" ind1=" " ind2=" ">      <mxc:subfield code="a">vol.</mxc:subfield>      <mxc:subfield code="d">21 cm</mxc:subfield>   </mxc:datafield>   <mxc:datafield tag="326" ind1="1" ind2=" ">      <mxc:subfield code="a">Annuel</mxc:subfield>   </mxc:datafield>   <mxc:datafield tag="676" ind1=" " ind2=" ">      <mxc:subfield code="3">14432019</mxc:subfield>      <mxc:subfield code="i">843.010 8096</mxc:subfield>      <mxc:subfield code="v">23</mxc:subfield>   </mxc:datafield>   <mxc:datafield tag="676" ind1=" " ind2=" ">      <mxc:subfield code="3">14490608</mxc:subfield>      <mxc:subfield code="i">807.9</mxc:subfield>      <mxc:subfield code="v">23</mxc:subfield>      <mxc:subfield code="a">Littérature - Compétitions, prix, subventions</mxc:subfield>   </mxc:datafield>   <mxc:datafield tag="680" ind1="1" ind2=" ">      <mxc:subfield code="a">800</mxc:subfield>      <mxc:subfield code="c">800</mxc:subfield>   </mxc:datafield>
</mxc:record>      </srw:recordData>
<srw:recordIdentifier>ark:/12148/cb437846998</srw:recordIdentifier>
<srw:recordPosition>10</srw:recordPosition>
<srw:extraRecordData>
<ixm:attr name="CreationDate">20140318</ixm:attr>
<ixm:attr name="LastModificationDate">20190522</ixm:attr>
<mn:score>11.423963</mn:score>
</srw:extraRecordData>
</srw:record>