
<srw:record>
<srw:recordSchema>marcxchange</srw:recordSchema>
<srw:recordPacking>xml</srw:recordPacking>
<srw:recordData>
<mxc:record xmlns:mxc="info:lc/xmlns/marcxchange-v2" format="INTERMARC" id="ark:/12148/cb475154464" type="Bibliographic">   <mxc:leader>00956c01s 2200027  145a </mxc:leader>   <mxc:controlfield tag="001">FRBNF475154460000008</mxc:controlfield>   <mxc:controlfield tag="003">http://catalogue.bnf.fr/ark:/12148/cb475154464</mxc:controlfield>   <mxc:controlfield tag="008">240716c 20..                 frfre p?xxb      </mxc:controlfield>   <mxc:controlfield tag="009">ag         a       </mxc:controlfield>   <mxc:datafield tag="015" ind1=" " ind2=" ">      <mxc:subfield code="a">12401813</mxc:subfield>      <mxc:subfield code="d">20240801</mxc:subfield>      <mxc:subfield code="n">07/2024</mxc:subfield>   </mxc:datafield>   <mxc:datafield tag="051" ind1=" " ind2=" ">      <mxc:subfield code="a">txt</mxc:subfield>      <mxc:subfield code="a">sti</mxc:subfield>      <mxc:subfield code="b">n</mxc:subfield>   </mxc:datafield>   <mxc:datafield tag="110" ind1=" " ind2=" ">      <mxc:subfield code="3">18158319</mxc:subfield>      <mxc:subfield code="w">20..b.....</mxc:subfield>      <mxc:subfield code="a">Amicale des anciens élèves des lycées &amp; collège Clemenceau et Jules Verne de Nantes</mxc:subfield>      <mxc:subfield code="4">0070</mxc:subfield>   </mxc:datafield>   <mxc:datafield tag="222" ind1="1" ind2="0">      <mxc:subfield code="a">Le Vieux bahut</mxc:subfield>      <mxc:subfield code="b">Nantes</mxc:subfield>   </mxc:datafield>   <mxc:datafield tag="245" ind1="1" ind2=" ">      <mxc:subfield code="a">Le Vieux bahut</mxc:subfield>      <mxc:subfield code="d">Texte imprimé</mxc:subfield>      <mxc:subfield code="e">Amicale des anciens élèves des lycées &amp; collège Clemenceau et Jules Verne de Nantes</mxc:subfield>      <mxc:subfield code="f">[directeur de publication Didier Borel]</mxc:subfield>   </mxc:datafield>   <mxc:datafield tag="260" ind1=" " ind2="1">      <mxc:subfield code="a">Nantes</mxc:subfield>      <mxc:subfield code="b">1 rue Georges-Clemenceau, BP 74205 ; 44012 Cedex 01</mxc:subfield>      <mxc:subfield code="c">Amicale des anciens élèves des lycées &amp; collège Clemenceau et Jules Verne de Nantes</mxc:subfield>      <mxc:subfield code="d">[20..]-</mxc:subfield>   </mxc:datafield>   <mxc:datafield tag="280" ind1=" " ind2=" ">      <mxc:subfield code="a">n°</mxc:subfield>      <mxc:subfield code="c">ill. en coul.</mxc:subfield>      <mxc:subfield code="d">30 cm</mxc:subfield>   </mxc:datafield>   <mxc:datafield tag="300" ind1=" " ind2=" ">      <mxc:subfield code="a">Notice rédigée d'après : n° 98 (avril 2024)</mxc:subfield>   </mxc:datafield>   <mxc:datafield tag="676" ind1=" " ind2=" ">      <mxc:subfield code="3">15576253</mxc:subfield>      <mxc:subfield code="i">373.441 6</mxc:subfield>      <mxc:subfield code="v">23</mxc:subfield>      <mxc:subfield code="a">Enseignement secondaire - France - Pays de la Loire</mxc:subfield>   </mxc:datafield>   <mxc:datafield tag="676" ind1=" " ind2=" ">      <mxc:subfield code="3">14406042</mxc:subfield>      <mxc:subfield code="i">371.897 4</mxc:subfield>      <mxc:subfield code="v">23</mxc:subfield>      <mxc:subfield code="a">Journalisme scolaire - Production des journaux</mxc:subfield>   </mxc:datafield>   <mxc:datafield tag="680" ind1="1" ind2=" ">      <mxc:subfield code="a">373</mxc:subfield>      <mxc:subfield code="c">373</mxc:subfield>   </mxc:datafield>
</mxc:record>      </srw:recordData>
<srw:recordIdentifier>ark:/12148/cb475154464</srw:recordIdentifier>
<srw:recordPosition>11</srw:recordPosition>
<srw:extraRecordData>
<ixm:attr name="CreationDate">20240716</ixm:attr>
<ixm:attr name="LastModificationDate">20240805</ixm:attr>
<mn:score>11.402021</mn:score>
</srw:extraRecordData>
</srw:record>