
<srw:record>
<srw:recordSchema>marcxchange</srw:recordSchema>
<srw:recordPacking>xml</srw:recordPacking>
<srw:recordData>
<mxc:record xmlns:mxc="info:lc/xmlns/marcxchange-v2" format="INTERMARC" id="ark:/12148/cb41949035t" type="Bibliographic">   <mxc:leader>02498c01s 2200027  345a </mxc:leader>   <mxc:controlfield tag="001">FRBNF419490350000001</mxc:controlfield>   <mxc:controlfield tag="003">http://catalogue.bnf.fr/ark:/12148/cb41949035t</mxc:controlfield>   <mxc:controlfield tag="008">830101d 1877 1915            frfre pm 7b      </mxc:controlfield>   <mxc:controlfield tag="009">a                  </mxc:controlfield>   <mxc:datafield tag="022" ind1="1" ind2=" ">      <mxc:subfield code="a">2017-4683</mxc:subfield>      <mxc:subfield code="c">2017-4683</mxc:subfield>   </mxc:datafield>   <mxc:datafield tag="051" ind1=" " ind2=" ">      <mxc:subfield code="a">txt</mxc:subfield>      <mxc:subfield code="b">n</mxc:subfield>   </mxc:datafield>   <mxc:datafield tag="222" ind1="0" ind2=" ">      <mxc:subfield code="a">Magasin d'éducation et de récréation et Semaine des enfants réunis</mxc:subfield>   </mxc:datafield>   <mxc:datafield tag="245" ind1="1" ind2=" ">      <mxc:subfield code="a">Magasin d'éducation et de récréation et Semaine des enfants réunis</mxc:subfield>      <mxc:subfield code="d">Texte imprimé</mxc:subfield>      <mxc:subfield code="e">journal de toute la famille</mxc:subfield>      <mxc:subfield code="f">publié par Jean Macé, P.-J. Stahl, Jules Verne...</mxc:subfield>   </mxc:datafield>   <mxc:datafield tag="255" ind1="2" ind2=" ">      <mxc:subfield code="a">13e année (1877, 1er semestre, 1er vol.)</mxc:subfield>      <mxc:subfield code="b">30 année (1894, 2e semestre, 2e vol.)</mxc:subfield>      <mxc:subfield code="c">25e vol.</mxc:subfield>      <mxc:subfield code="d">60e vol. de la collection</mxc:subfield>      <mxc:subfield code="c">n° 289 (1er janvier 1877)</mxc:subfield>      <mxc:subfield code="d">n° 720 (15 décembre 1894)</mxc:subfield>   </mxc:datafield>   <mxc:datafield tag="255" ind1="2" ind2=" ">      <mxc:subfield code="a">nouvelle série, tome I, 1re année, 1er semestre de la 31e année (1895)</mxc:subfield>      <mxc:subfield code="b">tome XXIV, 12e année, 2e semestre de la 42e année (1906)</mxc:subfield>      <mxc:subfield code="c">61e vol.</mxc:subfield>      <mxc:subfield code="d">84e vol. de la collection</mxc:subfield>      <mxc:subfield code="c">nouvelle série, n° 1 (1er janvier 1895)</mxc:subfield>      <mxc:subfield code="d">n° 288 (15 décembre 1906)</mxc:subfield>   </mxc:datafield>   <mxc:datafield tag="255" ind1="2" ind2=" ">      <mxc:subfield code="a">3e série, 43e année, n° 289 (25 janvier 1907)</mxc:subfield>      <mxc:subfield code="b">51e année, n° 321 (25 février 1915) [?]</mxc:subfield>   </mxc:datafield>   <mxc:datafield tag="260" ind1=" " ind2=" ">      <mxc:subfield code="a">Paris</mxc:subfield>      <mxc:subfield code="b">18 rue Jacob</mxc:subfield>      <mxc:subfield code="c">J. Hetzel et Cie</mxc:subfield>      <mxc:subfield code="d">1877-1915</mxc:subfield>   </mxc:datafield>   <mxc:datafield tag="280" ind1=" " ind2=" ">      <mxc:subfield code="a">64 vol.</mxc:subfield>      <mxc:subfield code="c">ill.</mxc:subfield>      <mxc:subfield code="d">28 cm</mxc:subfield>   </mxc:datafield>   <mxc:datafield tag="295" ind1="1" ind2=" ">      <mxc:subfield code="a">Bibliothèque d'éducation et de récréation</mxc:subfield>   </mxc:datafield>   <mxc:datafield tag="326" ind1="1" ind2=" ">      <mxc:subfield code="a">Bi-mensuel</mxc:subfield>      <mxc:subfield code="d">1877-1906</mxc:subfield>   </mxc:datafield>   <mxc:datafield tag="326" ind1="1" ind2=" ">      <mxc:subfield code="a">trimestriel</mxc:subfield>      <mxc:subfield code="d">1907-1915</mxc:subfield>   </mxc:datafield>   <mxc:datafield tag="350" ind1=" " ind2=" ">      <mxc:subfield code="a">Les mentions de responsabilité varient : "directeurs littéraires : Jules Verne et Jules Hetzel ; Jean Macé pour les sciences" (1886-1894) ; "dirigés par Jules Verne et Jules Hetzel" (1895-1904) ; "fondé en 1864 par P.-J. Stahl..." (1905-1915)</mxc:subfield>   </mxc:datafield>   <mxc:datafield tag="351" ind1=" " ind2=" ">      <mxc:subfield code="a">À partir de 1907, le "Magasin" est constitué uniquement d'oeuvres de Jules Verne</mxc:subfield>   </mxc:datafield>   <mxc:datafield tag="676" ind1=" " ind2=" ">      <mxc:subfield code="3">13763778</mxc:subfield>      <mxc:subfield code="i">054.108 3</mxc:subfield>      <mxc:subfield code="v">23</mxc:subfield>   </mxc:datafield>   <mxc:datafield tag="690" ind1=" " ind2=" ">      <mxc:subfield code="a">CorPress</mxc:subfield>   </mxc:datafield>   <mxc:datafield tag="700" ind1=" " ind2=" ">      <mxc:subfield code="3">12356458</mxc:subfield>      <mxc:subfield code="1">ISNI0000000121388153</mxc:subfield>      <mxc:subfield code="w"> 0  b.....</mxc:subfield>      <mxc:subfield code="a">Macé</mxc:subfield>      <mxc:subfield code="m">Jean</mxc:subfield>      <mxc:subfield code="d">1815-1894</mxc:subfield>      <mxc:subfield code="4">0330</mxc:subfield>      <mxc:subfield code="7">1877-1894</mxc:subfield>   </mxc:datafield>   <mxc:datafield tag="700" ind1=" " ind2=" ">      <mxc:subfield code="3">12008284</mxc:subfield>      <mxc:subfield code="1">ISNI0000000121326905</mxc:subfield>      <mxc:subfield code="w">.0..b.....</mxc:subfield>      <mxc:subfield code="a">Hetzel</mxc:subfield>      <mxc:subfield code="m">Pierre-Jules</mxc:subfield>      <mxc:subfield code="d">1814-1886</mxc:subfield>      <mxc:subfield code="4">0330</mxc:subfield>      <mxc:subfield code="7">1877-1886</mxc:subfield>   </mxc:datafield>   <mxc:datafield tag="700" ind1=" " ind2=" ">      <mxc:subfield code="3">11928016</mxc:subfield>      <mxc:subfield code="1">ISNI0000000121400562</mxc:subfield>      <mxc:subfield code="w"> 0  b.....</mxc:subfield>      <mxc:subfield code="a">Verne</mxc:subfield>      <mxc:subfield code="m">Jules</mxc:subfield>      <mxc:subfield code="d">1828-1905</mxc:subfield>      <mxc:subfield code="4">0330</mxc:subfield>      <mxc:subfield code="7">1877-1904</mxc:subfield>   </mxc:datafield>   <mxc:datafield tag="700" ind1=" " ind2=" ">      <mxc:subfield code="3">14616004</mxc:subfield>      <mxc:subfield code="1">ISNI0000000071436929</mxc:subfield>      <mxc:subfield code="w">.0..b.....</mxc:subfield>      <mxc:subfield code="a">Hetzel</mxc:subfield>      <mxc:subfield code="m">Louis-Jules</mxc:subfield>      <mxc:subfield code="d">1847-1930</mxc:subfield>      <mxc:subfield code="4">0330</mxc:subfield>      <mxc:subfield code="7">1886-1915</mxc:subfield>   </mxc:datafield>   <mxc:datafield tag="750" ind1="2" ind2="4">      <mxc:subfield code="a">Magasin illustré d'éducation et de récréation et Semaine des enfants réunis</mxc:subfield>   </mxc:datafield>   <mxc:datafield tag="750" ind1="2" ind2="3">      <mxc:subfield code="k">Titre de départ à partir de 1907</mxc:subfield>      <mxc:subfield code="a">Magasin illustré d'éducation et de récréation</mxc:subfield>   </mxc:datafield>   <mxc:datafield tag="760" ind1="1" ind2=" ">      <mxc:subfield code="3">34291250</mxc:subfield>      <mxc:subfield code="t">Bibliothèque d'éducation et de récréation</mxc:subfield>      <mxc:subfield code="x">2258-2215</mxc:subfield>      <mxc:subfield code="d">1877-1902</mxc:subfield>   </mxc:datafield>   <mxc:datafield tag="768" ind1="2" ind2=" ">      <mxc:subfield code="3">33230166</mxc:subfield>      <mxc:subfield code="t">A Pierre-Jules Hetzel (P.-J. Stahl), fondateur de la Bibliothèque et du Magasin d'éducation et de récréation...</mxc:subfield>   </mxc:datafield>   <mxc:datafield tag="780" ind1=" " ind2="4">      <mxc:subfield code="3">32810565</mxc:subfield>      <mxc:subfield code="t">Magasin d'éducation et de récréation</mxc:subfield>      <mxc:subfield code="x">2022-5091</mxc:subfield>   </mxc:datafield>   <mxc:datafield tag="780" ind1=" " ind2="4">      <mxc:subfield code="3">32866823</mxc:subfield>      <mxc:subfield code="t">La Semaine des enfants</mxc:subfield>      <mxc:subfield code="x">2491-4606</mxc:subfield>   </mxc:datafield>   <mxc:datafield tag="785" ind1=" " ind2="4">      <mxc:subfield code="3">32798083</mxc:subfield>      <mxc:subfield code="t">Le Journal de la jeunesse</mxc:subfield>      <mxc:subfield code="x">2017-2559</mxc:subfield>   </mxc:datafield>   <mxc:datafield tag="790" ind1=" " ind2=" ">      <mxc:subfield code="3">44521660</mxc:subfield>      <mxc:subfield code="t">*Magasin d'éducation et de récréation</mxc:subfield>   </mxc:datafield>   <mxc:datafield tag="998" ind1=" " ind2=" ">      <mxc:subfield code="o">OPP</mxc:subfield>      <mxc:subfield code="a">31562792</mxc:subfield>   </mxc:datafield>   <mxc:datafield tag="998" ind1=" " ind2=" ">      <mxc:subfield code="o">CRI</mxc:subfield>      <mxc:subfield code="a">CG020607050001S</mxc:subfield>   </mxc:datafield>   <mxc:datafield tag="998" ind1=" " ind2=" ">      <mxc:subfield code="o">OPP</mxc:subfield>      <mxc:subfield code="a">31562793</mxc:subfield>   </mxc:datafield>   <mxc:datafield tag="998" ind1=" " ind2=" ">      <mxc:subfield code="o">CRI</mxc:subfield>      <mxc:subfield code="a">CG020607050002S</mxc:subfield>   </mxc:datafield>
</mxc:record>      </srw:recordData>
<srw:recordIdentifier>ark:/12148/cb41949035t</srw:recordIdentifier>
<srw:recordPosition>12</srw:recordPosition>
<srw:extraRecordData>
<ixm:attr name="CreationDate">20130710</ixm:attr>
<ixm:attr name="LastModificationDate">20200110</ixm:attr>
<mn:score>11.194211</mn:score>
</srw:extraRecordData>
</srw:record>