
<srw:record>
<srw:recordSchema>marcxchange</srw:recordSchema>
<srw:recordPacking>xml</srw:recordPacking>
<srw:recordData>
<mxc:record xmlns:mxc="info:lc/xmlns/marcxchange-v2" format="INTERMARC" id="ark:/12148/cb33214065w" type="Bibliographic">   <mxc:leader>00696c6 m 22000271h 45a </mxc:leader>   <mxc:controlfield tag="001">FRBNF332140650000000</mxc:controlfield>   <mxc:controlfield tag="003">http://catalogue.bnf.fr/ark:/12148/cb33214065w</mxc:controlfield>   <mxc:controlfield tag="008">970701s 1967       ..... ....frfre     b      </mxc:controlfield>   <mxc:controlfield tag="009">a                  </mxc:controlfield>   <mxc:datafield tag="051" ind1=" " ind2=" ">      <mxc:subfield code="a">txt</mxc:subfield>      <mxc:subfield code="b">n</mxc:subfield>   </mxc:datafield>   <mxc:datafield tag="100" ind1=" " ind2=" ">      <mxc:subfield code="3">12644615</mxc:subfield>      <mxc:subfield code="1">ISNI0000000083439748</mxc:subfield>      <mxc:subfield code="w">.0..b.....</mxc:subfield>      <mxc:subfield code="a">Verne</mxc:subfield>      <mxc:subfield code="m">Jean Jules</mxc:subfield>      <mxc:subfield code="d">1892-1980</mxc:subfield>      <mxc:subfield code="4">0070</mxc:subfield>   </mxc:datafield>   <mxc:datafield tag="245" ind1="1" ind2=" ">      <mxc:subfield code="a">Le Triomphe de Michel Strogoff. Illustrations de François Batet</mxc:subfield>      <mxc:subfield code="d">Texte imprimé</mxc:subfield>      <mxc:subfield code="f">Jean Jules Verne</mxc:subfield>   </mxc:datafield>   <mxc:datafield tag="260" ind1=" " ind2=" ">      <mxc:subfield code="a">[Paris,]</mxc:subfield>      <mxc:subfield code="c">Hachette</mxc:subfield>      <mxc:subfield code="d">1967</mxc:subfield>   </mxc:datafield>   <mxc:datafield tag="280" ind1=" " ind2=" ">      <mxc:subfield code="a">In-16 (17 cm), 250 p., ill., pl. en coul., cart. ill. en coul. 2,95 F. [D. L. 20385-67]</mxc:subfield>   </mxc:datafield>   <mxc:datafield tag="300" ind1=" " ind2=" ">      <mxc:subfield code="a">Bibliothèque verte. 340</mxc:subfield>   </mxc:datafield>   <mxc:datafield tag="619" ind1=" " ind2=" ">      <mxc:subfield code="a">Littérature. Généralités</mxc:subfield>      <mxc:subfield code="2">ALS699</mxc:subfield>      <mxc:subfield code="2">ALS</mxc:subfield>   </mxc:datafield>   <mxc:datafield tag="690" ind1=" " ind2=" ">      <mxc:subfield code="a">UnivJeun0</mxc:subfield>   </mxc:datafield>   <mxc:datafield tag="833" ind1=" " ind2=" ">      <mxc:subfield code="l">JnRoman</mxc:subfield>   </mxc:datafield>   <mxc:datafield tag="917" ind1=" " ind2=" ">      <mxc:subfield code="o">CRI</mxc:subfield>      <mxc:subfield code="a">LX002205530201P</mxc:subfield>   </mxc:datafield>   <mxc:datafield tag="919" ind1=" " ind2=" ">      <mxc:subfield code="p">FR</mxc:subfield>      <mxc:subfield code="o">JPL</mxc:subfield>      <mxc:subfield code="a">RETRO0026211900</mxc:subfield>   </mxc:datafield>   <mxc:datafield tag="991" ind1=" " ind2=" ">      <mxc:subfield code="a">Auteur_avant_barre_de_classement_en_245_passé_en_245f</mxc:subfield>      <mxc:subfield code="d">2018-06-07</mxc:subfield>   </mxc:datafield>   <mxc:datafield tag="998" ind1=" " ind2=" ">      <mxc:subfield code="o">ALS</mxc:subfield>      <mxc:subfield code="a">0390016</mxc:subfield>   </mxc:datafield>
</mxc:record>      </srw:recordData>
<srw:recordIdentifier>ark:/12148/cb33214065w</srw:recordIdentifier>
<srw:recordPosition>13</srw:recordPosition>
<srw:extraRecordData>
<ixm:attr name="CreationDate">19970701</ixm:attr>
<ixm:attr name="LastModificationDate">20180607</ixm:attr>
<mn:score>11.119997</mn:score>
</srw:extraRecordData>
</srw:record>