
<srw:record>
<srw:recordSchema>marcxchange</srw:recordSchema>
<srw:recordPacking>xml</srw:recordPacking>
<srw:recordData>
<mxc:record xmlns:mxc="info:lc/xmlns/marcxchange-v2" format="INTERMARC" id="ark:/12148/cb315622119" type="Bibliographic">   <mxc:leader>00441c6 m 22000271h 45a </mxc:leader>   <mxc:controlfield tag="001">FRBNF315622110000004</mxc:controlfield>   <mxc:controlfield tag="003">http://catalogue.bnf.fr/ark:/12148/cb315622119</mxc:controlfield>   <mxc:controlfield tag="008">970701s 1951                 frfre     b      </mxc:controlfield>   <mxc:controlfield tag="009">a                  </mxc:controlfield>   <mxc:datafield tag="051" ind1=" " ind2=" ">      <mxc:subfield code="a">txt</mxc:subfield>      <mxc:subfield code="b">n</mxc:subfield>   </mxc:datafield>   <mxc:datafield tag="100" ind1=" " ind2=" ">      <mxc:subfield code="3">12644615</mxc:subfield>      <mxc:subfield code="1">ISNI0000000083439748</mxc:subfield>      <mxc:subfield code="w">.0..b.....</mxc:subfield>      <mxc:subfield code="a">Verne</mxc:subfield>      <mxc:subfield code="m">Jean Jules</mxc:subfield>      <mxc:subfield code="d">1892-1980</mxc:subfield>      <mxc:subfield code="4">0070</mxc:subfield>   </mxc:datafield>   <mxc:datafield tag="245" ind1="1" ind2=" ">      <mxc:subfield code="a">Combats contre la nuit</mxc:subfield>      <mxc:subfield code="d">Texte imprimé</mxc:subfield>      <mxc:subfield code="f">Jean-Jules Verne</mxc:subfield>   </mxc:datafield>   <mxc:datafield tag="260" ind1=" " ind2=" ">      <mxc:subfield code="a">Paris</mxc:subfield>      <mxc:subfield code="c">Éditions Colbert</mxc:subfield>      <mxc:subfield code="d">1951</mxc:subfield>   </mxc:datafield>   <mxc:datafield tag="680" ind1="6" ind2=" ">      <mxc:subfield code="a">000</mxc:subfield>      <mxc:subfield code="d">000</mxc:subfield>   </mxc:datafield>   <mxc:datafield tag="280" ind1=" " ind2=" ">      <mxc:subfield code="a">In-16, 256 p.</mxc:subfield>   </mxc:datafield>   <mxc:datafield tag="917" ind1=" " ind2=" ">      <mxc:subfield code="o">CRI</mxc:subfield>      <mxc:subfield code="a">CG020605370101P</mxc:subfield>   </mxc:datafield>   <mxc:datafield tag="991" ind1=" " ind2=" ">      <mxc:subfield code="a">Auteur_avant_barre_de_classement_en_245_passé_en_245f</mxc:subfield>      <mxc:subfield code="d">2018-06-06</mxc:subfield>   </mxc:datafield>
</mxc:record>      </srw:recordData>
<srw:recordIdentifier>ark:/12148/cb315622119</srw:recordIdentifier>
<srw:recordPosition>16</srw:recordPosition>
<srw:extraRecordData>
<ixm:attr name="CreationDate">19970701</ixm:attr>
<ixm:attr name="LastModificationDate">20240425</ixm:attr>
<mn:score>11.104283</mn:score>
</srw:extraRecordData>
</srw:record>