
<srw:record>
<srw:recordSchema>marcxchange</srw:recordSchema>
<srw:recordPacking>xml</srw:recordPacking>
<srw:recordData>
<mxc:record xmlns:mxc="info:lc/xmlns/marcxchange-v2" format="INTERMARC" id="ark:/12148/cb43393493x" type="Bibliographic">   <mxc:leader>00689n5 m 2200027   45a </mxc:leader>   <mxc:controlfield tag="001">FRBNF433934930000005</mxc:controlfield>   <mxc:controlfield tag="003">http://catalogue.bnf.fr/ark:/12148/cb43393493x</mxc:controlfield>   <mxc:controlfield tag="008">070205n                      frfre     b  001 </mxc:controlfield>   <mxc:controlfield tag="009">a nx       z  z x  </mxc:controlfield>   <mxc:datafield tag="051" ind1=" " ind2=" ">      <mxc:subfield code="a">txt</mxc:subfield>      <mxc:subfield code="b">n</mxc:subfield>   </mxc:datafield>   <mxc:datafield tag="110" ind1=" " ind2=" ">      <mxc:subfield code="3">16806585</mxc:subfield>      <mxc:subfield code="w">20..b.....</mxc:subfield>      <mxc:subfield code="a">Médiathèque intercommunale Jules-Verne</mxc:subfield>      <mxc:subfield code="c">Houilles, Yvelines</mxc:subfield>      <mxc:subfield code="4">0070</mxc:subfield>   </mxc:datafield>   <mxc:datafield tag="245" ind1="1" ind2=" ">      <mxc:subfield code="a">Pères et repères</mxc:subfield>      <mxc:subfield code="d">Texte imprimé</mxc:subfield>      <mxc:subfield code="e">bibliographie sélective des livres pour petits et grands sur le thème de la paternité</mxc:subfield>      <mxc:subfield code="f">[ réalisée par les bibliothécaires de la Bibliothèque Jules Verne de Houilles]</mxc:subfield>   </mxc:datafield>   <mxc:datafield tag="260" ind1=" " ind2=" ">      <mxc:subfield code="a">Houilles</mxc:subfield>      <mxc:subfield code="c">Ville de Houilles</mxc:subfield>      <mxc:subfield code="d">[s.d.]</mxc:subfield>   </mxc:datafield>   <mxc:datafield tag="280" ind1=" " ind2=" ">      <mxc:subfield code="a">35 f.</mxc:subfield>      <mxc:subfield code="d">30 cm</mxc:subfield>   </mxc:datafield>   <mxc:datafield tag="606" ind1=" " ind2=" ">      <mxc:subfield code="3">11932269</mxc:subfield>      <mxc:subfield code="a">Littérature pour la jeunesse</mxc:subfield>   </mxc:datafield>   <mxc:datafield tag="606" ind1=" " ind2=" ">      <mxc:subfield code="3">12652821</mxc:subfield>      <mxc:subfield code="a">Paternité</mxc:subfield>      <mxc:subfield code="3">11996647</mxc:subfield>      <mxc:subfield code="x">Dans la littérature</mxc:subfield>   </mxc:datafield>   <mxc:datafield tag="608" ind1=" " ind2=" ">      <mxc:subfield code="3">13318324</mxc:subfield>      <mxc:subfield code="a">Bibliographie</mxc:subfield>   </mxc:datafield>   <mxc:datafield tag="690" ind1=" " ind2=" ">      <mxc:subfield code="a">UnivJeun0</mxc:subfield>   </mxc:datafield>   <mxc:datafield tag="833" ind1=" " ind2=" ">      <mxc:subfield code="l">JnRefer</mxc:subfield>   </mxc:datafield>   <mxc:datafield tag="917" ind1=" " ind2=" ">      <mxc:subfield code="o">ALS</mxc:subfield>      <mxc:subfield code="a">1081113</mxc:subfield>   </mxc:datafield>
</mxc:record>      </srw:recordData>
<srw:recordIdentifier>ark:/12148/cb43393493x</srw:recordIdentifier>
<srw:recordPosition>19</srw:recordPosition>
<srw:extraRecordData>
<ixm:attr name="CreationDate">20140818</ixm:attr>
<ixm:attr name="LastModificationDate">20190919</ixm:attr>
<mn:score>10.95011</mn:score>
</srw:extraRecordData>
</srw:record>