
<srw:record>
<srw:recordSchema>marcxchange</srw:recordSchema>
<srw:recordPacking>xml</srw:recordPacking>
<srw:recordData>
<mxc:record xmlns:mxc="info:lc/xmlns/marcxchange-v2" format="INTERMARC" id="ark:/12148/cb328105656" type="Bibliographic">   <mxc:leader>02268c01s 2200027  345a </mxc:leader>   <mxc:controlfield tag="001">FRBNF328105650000004</mxc:controlfield>   <mxc:controlfield tag="003">http://catalogue.bnf.fr/ark:/12148/cb328105656</mxc:controlfield>   <mxc:controlfield tag="008">970701d 1864 1876            frfre ps 7b      </mxc:controlfield>   <mxc:controlfield tag="009">a                  </mxc:controlfield>   <mxc:datafield tag="022" ind1="1" ind2=" ">      <mxc:subfield code="a">2022-5091</mxc:subfield>      <mxc:subfield code="c">2022-5091</mxc:subfield>   </mxc:datafield>   <mxc:datafield tag="051" ind1=" " ind2=" ">      <mxc:subfield code="a">txt</mxc:subfield>      <mxc:subfield code="b">n</mxc:subfield>   </mxc:datafield>   <mxc:datafield tag="222" ind1="0" ind2=" ">      <mxc:subfield code="a">Magasin d'éducation et de récréation</mxc:subfield>   </mxc:datafield>   <mxc:datafield tag="245" ind1="1" ind2=" ">      <mxc:subfield code="a">Magasin d'éducation et de récréation</mxc:subfield>      <mxc:subfield code="d">Texte imprimé</mxc:subfield>      <mxc:subfield code="f">publié par Jean Macé et P.-J. Stahl</mxc:subfield>      <mxc:subfield code="g">avec la collaboration de nos plus célèbres écrivains et savants, illustré de ... dessins par nos meilleurs artistes</mxc:subfield>   </mxc:datafield>   <mxc:datafield tag="248" ind1="1" ind2=" ">      <mxc:subfield code="a">Magasin d'éducation et de récréation</mxc:subfield>      <mxc:subfield code="e">journal de toute la famille</mxc:subfield>      <mxc:subfield code="f">publié par Jean Macé, P.-J. Stahl, Jules Verne...</mxc:subfield>      <mxc:subfield code="d">1866-1876</mxc:subfield>   </mxc:datafield>   <mxc:datafield tag="255" ind1="2" ind2=" ">      <mxc:subfield code="a">[1re année] (1864, 1er semestre)</mxc:subfield>      <mxc:subfield code="b">12 année (1876, 2e semestre, 2e vol.)</mxc:subfield>      <mxc:subfield code="c">[1er vol.]</mxc:subfield>      <mxc:subfield code="d">24e vol. de la collection</mxc:subfield>      <mxc:subfield code="c">n° 1 (20 mars 1866)</mxc:subfield>      <mxc:subfield code="d">n° 288 (15 décembre 1876)</mxc:subfield>   </mxc:datafield>   <mxc:datafield tag="260" ind1=" " ind2=" ">      <mxc:subfield code="a">Paris</mxc:subfield>      <mxc:subfield code="b">18 rue Jacob</mxc:subfield>      <mxc:subfield code="c">J. Hetzel</mxc:subfield>      <mxc:subfield code="d">1864-1876</mxc:subfield>   </mxc:datafield>   <mxc:datafield tag="280" ind1=" " ind2=" ">      <mxc:subfield code="a">24 vol.</mxc:subfield>      <mxc:subfield code="c">ill.</mxc:subfield>      <mxc:subfield code="d">28 cm</mxc:subfield>   </mxc:datafield>   <mxc:datafield tag="295" ind1="1" ind2=" ">      <mxc:subfield code="a">Bibliothèque d'éducation et de récréation</mxc:subfield>   </mxc:datafield>   <mxc:datafield tag="326" ind1="1" ind2=" ">      <mxc:subfield code="a">Bi-mensuel</mxc:subfield>   </mxc:datafield>   <mxc:datafield tag="333" ind1=" " ind2=" ">      <mxc:subfield code="a">Avec 2 prospectus, dont un proposant un abonnement conjoint avec le quotidien "Le Temps"</mxc:subfield>      <mxc:subfield code="a">N'a pas paru entre le 5 septembre 1870 et le 1er juillet 1871</mxc:subfield>   </mxc:datafield>   <mxc:datafield tag="376" ind1=" " ind2=" ">      <mxc:subfield code="k">77630</mxc:subfield>      <mxc:subfield code="t">Magasin d'éducation et de récréation (Reproduction numérique)</mxc:subfield>      <mxc:subfield code="x">2969-2016</mxc:subfield>      <mxc:subfield code="u">https://gallica.bnf.fr/ark:/12148/cb328105656/date</mxc:subfield>      <mxc:subfield code="a">Bibliothèque nationale de France</mxc:subfield>   </mxc:datafield>   <mxc:datafield tag="376" ind1=" " ind2=" ">      <mxc:subfield code="k">77630</mxc:subfield>      <mxc:subfield code="t">Magasin d'éducation et de récréation (Reproduction numérique)</mxc:subfield>      <mxc:subfield code="x">2969-2016</mxc:subfield>      <mxc:subfield code="u">https://kiosque.limedia.fr/recherche/?uniform_title=Magasin%20d%27%C3%A9ducation%20et%20de%20r%C3%A9cr%C3%A9ation</mxc:subfield>      <mxc:subfield code="a">Sillon lorrain</mxc:subfield>   </mxc:datafield>   <mxc:datafield tag="676" ind1=" " ind2=" ">      <mxc:subfield code="3">13763778</mxc:subfield>      <mxc:subfield code="i">054.108 3</mxc:subfield>      <mxc:subfield code="v">23</mxc:subfield>   </mxc:datafield>   <mxc:datafield tag="680" ind1="6" ind2=" ">      <mxc:subfield code="a">000</mxc:subfield>      <mxc:subfield code="d">000</mxc:subfield>   </mxc:datafield>   <mxc:datafield tag="690" ind1=" " ind2=" ">      <mxc:subfield code="a">CorPress</mxc:subfield>   </mxc:datafield>   <mxc:datafield tag="690" ind1=" " ind2=" ">      <mxc:subfield code="a">ColRefPr</mxc:subfield>   </mxc:datafield>   <mxc:datafield tag="700" ind1=" " ind2=" ">      <mxc:subfield code="3">12356458</mxc:subfield>      <mxc:subfield code="1">ISNI0000000121388153</mxc:subfield>      <mxc:subfield code="w"> 0  b.....</mxc:subfield>      <mxc:subfield code="a">Macé</mxc:subfield>      <mxc:subfield code="m">Jean</mxc:subfield>      <mxc:subfield code="d">1815-1894</mxc:subfield>      <mxc:subfield code="4">0330</mxc:subfield>   </mxc:datafield>   <mxc:datafield tag="700" ind1=" " ind2=" ">      <mxc:subfield code="3">16492882</mxc:subfield>      <mxc:subfield code="1">ISNI0000000449168859</mxc:subfield>      <mxc:subfield code="w">.0.2b.....</mxc:subfield>      <mxc:subfield code="a">Stahl</mxc:subfield>      <mxc:subfield code="m">P.-J.</mxc:subfield>      <mxc:subfield code="d">1814-1886</mxc:subfield>      <mxc:subfield code="4">0330</mxc:subfield>   </mxc:datafield>   <mxc:datafield tag="700" ind1=" " ind2=" ">      <mxc:subfield code="3">11928016</mxc:subfield>      <mxc:subfield code="1">ISNI0000000121400562</mxc:subfield>      <mxc:subfield code="w"> 0  b.....</mxc:subfield>      <mxc:subfield code="a">Verne</mxc:subfield>      <mxc:subfield code="m">Jules</mxc:subfield>      <mxc:subfield code="d">1828-1905</mxc:subfield>      <mxc:subfield code="4">0330</mxc:subfield>   </mxc:datafield>   <mxc:datafield tag="760" ind1="1" ind2=" ">      <mxc:subfield code="3">34291250</mxc:subfield>      <mxc:subfield code="t">Bibliothèque d'éducation et de récréation</mxc:subfield>      <mxc:subfield code="x">2258-2215</mxc:subfield>   </mxc:datafield>   <mxc:datafield tag="784" ind1="2" ind2=" ">      <mxc:subfield code="3">32866823</mxc:subfield>      <mxc:subfield code="t">La Semaine des enfants</mxc:subfield>      <mxc:subfield code="x">2491-4606</mxc:subfield>   </mxc:datafield>   <mxc:datafield tag="785" ind1=" " ind2="8">      <mxc:subfield code="3">41949035</mxc:subfield>      <mxc:subfield code="t">Magasin d'éducation et de récréation et Semaine des enfants réunis</mxc:subfield>      <mxc:subfield code="x">2017-4683</mxc:subfield>   </mxc:datafield>   <mxc:datafield tag="790" ind1=" " ind2=" ">      <mxc:subfield code="3">44521660</mxc:subfield>      <mxc:subfield code="t">*Magasin d'éducation et de récréation</mxc:subfield>   </mxc:datafield>   <mxc:datafield tag="917" ind1=" " ind2=" ">      <mxc:subfield code="o">CRI</mxc:subfield>      <mxc:subfield code="a">PR031104120001J</mxc:subfield>   </mxc:datafield>   <mxc:datafield tag="996" ind1=" " ind2=" ">      <mxc:subfield code="o">OPP</mxc:subfield>      <mxc:subfield code="a">41952600</mxc:subfield>      <mxc:subfield code="d">20160303</mxc:subfield>   </mxc:datafield>   <mxc:datafield tag="998" ind1=" " ind2=" ">      <mxc:subfield code="o">OPP</mxc:subfield>      <mxc:subfield code="a">30852418</mxc:subfield>   </mxc:datafield>   <mxc:datafield tag="998" ind1=" " ind2=" ">      <mxc:subfield code="o">CRI</mxc:subfield>      <mxc:subfield code="a">CG010207310001S</mxc:subfield>   </mxc:datafield>   <mxc:datafield tag="998" ind1=" " ind2=" ">      <mxc:subfield code="o">OPP</mxc:subfield>      <mxc:subfield code="a">30602020</mxc:subfield>   </mxc:datafield>   <mxc:datafield tag="998" ind1=" " ind2=" ">      <mxc:subfield code="o">CRI</mxc:subfield>      <mxc:subfield code="a">CG007108550006S</mxc:subfield>   </mxc:datafield>   <mxc:datafield tag="998" ind1=" " ind2=" ">      <mxc:subfield code="o">OPP</mxc:subfield>      <mxc:subfield code="a">31562791</mxc:subfield>   </mxc:datafield>   <mxc:datafield tag="998" ind1=" " ind2=" ">      <mxc:subfield code="o">CRI</mxc:subfield>      <mxc:subfield code="a">CG020607030009S</mxc:subfield>   </mxc:datafield>
</mxc:record>      </srw:recordData>
<srw:recordIdentifier>ark:/12148/cb328105656</srw:recordIdentifier>
<srw:recordPosition>20</srw:recordPosition>
<srw:extraRecordData>
<ixm:attr name="CreationDate">19970701</ixm:attr>
<ixm:attr name="LastModificationDate">20240913</ixm:attr>
<mn:score>10.946911</mn:score>
</srw:extraRecordData>
</srw:record>