
<srw:record>
<srw:recordSchema>marcxchange</srw:recordSchema>
<srw:recordPacking>xml</srw:recordPacking>
<srw:recordData>
<mxc:record xmlns:mxc="info:lc/xmlns/marcxchange-v2" format="INTERMARC" id="ark:/12148/cb376788437" type="Bibliographic">   <mxc:leader>01149c0 m 2200027   45a </mxc:leader>   <mxc:controlfield tag="001">FRBNF376788430000005</mxc:controlfield>   <mxc:controlfield tag="003">http://catalogue.bnf.fr/ark:/12148/cb376788437</mxc:controlfield>   <mxc:controlfield tag="008">010226s 2000                 frfre1    b  001 </mxc:controlfield>   <mxc:controlfield tag="009">a  d               </mxc:controlfield>   <mxc:datafield tag="015" ind1=" " ind2=" ">      <mxc:subfield code="a">00329001</mxc:subfield>      <mxc:subfield code="d">20030101</mxc:subfield>   </mxc:datafield>   <mxc:datafield tag="020" ind1=" " ind2=" ">      <mxc:subfield code="a">2-910366-28-6</mxc:subfield>      <mxc:subfield code="b">rel.</mxc:subfield>      <mxc:subfield code="d">250 F</mxc:subfield>   </mxc:datafield>   <mxc:datafield tag="038" ind1=" " ind2=" ">      <mxc:subfield code="a">9782910366285</mxc:subfield>      <mxc:subfield code="2">ALS</mxc:subfield>   </mxc:datafield>   <mxc:datafield tag="051" ind1=" " ind2=" ">      <mxc:subfield code="a">txt</mxc:subfield>      <mxc:subfield code="b">n</mxc:subfield>   </mxc:datafield>   <mxc:datafield tag="143" ind1=" " ind2=" ">      <mxc:subfield code="a">Exposition</mxc:subfield>      <mxc:subfield code="m">Nantes</mxc:subfield>      <mxc:subfield code="n">Musée Jules Verne</mxc:subfield>      <mxc:subfield code="j">2000</mxc:subfield>   </mxc:datafield>   <mxc:datafield tag="245" ind1="1" ind2=" ">      <mxc:subfield code="a">Jules Verne écrivain</mxc:subfield>      <mxc:subfield code="d">Texte imprimé</mxc:subfield>      <mxc:subfield code="e">[exposition, Nantes, Musée Jules Verne, 16 septembre-27 novembre 2000]</mxc:subfield>   </mxc:datafield>   <mxc:datafield tag="260" ind1=" " ind2=" ">      <mxc:subfield code="a">Nantes</mxc:subfield>      <mxc:subfield code="c">Bibliothèque municipale de Nantes</mxc:subfield>      <mxc:subfield code="c">Coiffard et Joca seria éd.</mxc:subfield>      <mxc:subfield code="d">2000</mxc:subfield>   </mxc:datafield>   <mxc:datafield tag="270" ind1=" " ind2=" ">      <mxc:subfield code="a">37-Tours</mxc:subfield>      <mxc:subfield code="c">Impr. Mame</mxc:subfield>   </mxc:datafield>   <mxc:datafield tag="280" ind1=" " ind2=" ">      <mxc:subfield code="a">189 p.</mxc:subfield>      <mxc:subfield code="c">nombreuses ill. en noir et en coul., fac-sim., couv. ill., jaquette ill. en coul.</mxc:subfield>      <mxc:subfield code="d">32 cm</mxc:subfield>   </mxc:datafield>   <mxc:datafield tag="300" ind1=" " ind2=" ">      <mxc:subfield code="a">Exposition présentée dans le cadre des manifestations "Jules Verne, les mondes inventés" organisées par la Ville de Nantes</mxc:subfield>      <mxc:subfield code="a">Bibliogr. p. 183-184. Index</mxc:subfield>   </mxc:datafield>   <mxc:datafield tag="600" ind1=" " ind2=" ">      <mxc:subfield code="3">11928016</mxc:subfield>      <mxc:subfield code="a">Verne</mxc:subfield>      <mxc:subfield code="m">Jules</mxc:subfield>      <mxc:subfield code="d">1828-1905</mxc:subfield>   </mxc:datafield>   <mxc:datafield tag="608" ind1=" " ind2=" ">      <mxc:subfield code="3">11938837</mxc:subfield>      <mxc:subfield code="a">Catalogues d'exposition</mxc:subfield>   </mxc:datafield>   <mxc:datafield tag="676" ind1=" " ind2=" ">      <mxc:subfield code="3">13590548</mxc:subfield>      <mxc:subfield code="i">843.8</mxc:subfield>      <mxc:subfield code="g">critique</mxc:subfield>      <mxc:subfield code="v">23</mxc:subfield>   </mxc:datafield>   <mxc:datafield tag="680" ind1="0" ind2=" ">      <mxc:subfield code="a">800</mxc:subfield>      <mxc:subfield code="b">800</mxc:subfield>   </mxc:datafield>   <mxc:datafield tag="690" ind1=" " ind2=" ">      <mxc:subfield code="a">UnivJeun0</mxc:subfield>   </mxc:datafield>   <mxc:datafield tag="710" ind1=" " ind2=" ">      <mxc:subfield code="3">11877522</mxc:subfield>      <mxc:subfield code="1">ISNI0000000119602202</mxc:subfield>      <mxc:subfield code="w">20..b.....</mxc:subfield>      <mxc:subfield code="a">Musée Jules Verne</mxc:subfield>      <mxc:subfield code="c">Nantes</mxc:subfield>      <mxc:subfield code="4">0360</mxc:subfield>   </mxc:datafield>   <mxc:datafield tag="750" ind1=" " ind2=" ">      <mxc:subfield code="a">Jules Verne, les mondes inventés</mxc:subfield>   </mxc:datafield>   <mxc:datafield tag="833" ind1=" " ind2=" ">      <mxc:subfield code="l">JnRefer</mxc:subfield>   </mxc:datafield>   <mxc:datafield tag="919" ind1=" " ind2=" ">      <mxc:subfield code="p">FR</mxc:subfield>      <mxc:subfield code="o">JPL</mxc:subfield>      <mxc:subfield code="a">RETRO0004156300</mxc:subfield>   </mxc:datafield>   <mxc:datafield tag="990" ind1=" " ind2=" ">      <mxc:subfield code="b">DER</mxc:subfield>      <mxc:subfield code="c">Différence(s) secondaire(s) : collection</mxc:subfield>      <mxc:subfield code="e">JPL_RETRO</mxc:subfield>   </mxc:datafield>   <mxc:datafield tag="998" ind1=" " ind2=" ">      <mxc:subfield code="o">ALS</mxc:subfield>      <mxc:subfield code="a">0296996</mxc:subfield>   </mxc:datafield>
</mxc:record>      </srw:recordData>
<srw:recordIdentifier>ark:/12148/cb376788437</srw:recordIdentifier>
<srw:recordPosition>21</srw:recordPosition>
<srw:extraRecordData>
<ixm:attr name="CreationDate">20010226</ixm:attr>
<ixm:attr name="LastModificationDate">20190913</ixm:attr>
<mn:score>10.911522</mn:score>
</srw:extraRecordData>
</srw:record>