
<srw:record>
<srw:recordSchema>marcxchange</srw:recordSchema>
<srw:recordPacking>xml</srw:recordPacking>
<srw:recordData>
<mxc:record xmlns:mxc="info:lc/xmlns/marcxchange-v2" format="INTERMARC" id="ark:/12148/cb31562183w" type="Bibliographic">   <mxc:leader>00438n6 m 22000271h 45a </mxc:leader>   <mxc:controlfield tag="001">FRBNF315621830000008</mxc:controlfield>   <mxc:controlfield tag="003">http://catalogue.bnf.fr/ark:/12148/cb31562183w</mxc:controlfield>   <mxc:controlfield tag="008">970701s 1938                 frfre     b      </mxc:controlfield>   <mxc:controlfield tag="009">a                  </mxc:controlfield>   <mxc:datafield tag="051" ind1=" " ind2=" ">      <mxc:subfield code="a">txt</mxc:subfield>      <mxc:subfield code="b">n</mxc:subfield>   </mxc:datafield>   <mxc:datafield tag="100" ind1=" " ind2=" ">      <mxc:subfield code="3">12644615</mxc:subfield>      <mxc:subfield code="1">ISNI0000000083439748</mxc:subfield>      <mxc:subfield code="w">.0..b.....</mxc:subfield>      <mxc:subfield code="a">Verne</mxc:subfield>      <mxc:subfield code="m">Jean Jules</mxc:subfield>      <mxc:subfield code="d">1892-1980</mxc:subfield>      <mxc:subfield code="4">0070</mxc:subfield>   </mxc:datafield>   <mxc:datafield tag="245" ind1="1" ind2=" ">      <mxc:subfield code="a">Vie de Cujas, discours prononcé par M. Verne,...</mxc:subfield>      <mxc:subfield code="d">Texte imprimé</mxc:subfield>   </mxc:datafield>   <mxc:datafield tag="260" ind1=" " ind2=" ">      <mxc:subfield code="a">Grenoble</mxc:subfield>      <mxc:subfield code="c">X. Drevet</mxc:subfield>      <mxc:subfield code="d">1938</mxc:subfield>   </mxc:datafield>   <mxc:datafield tag="280" ind1=" " ind2=" ">      <mxc:subfield code="a">In-8° , 77 p.</mxc:subfield>   </mxc:datafield>   <mxc:datafield tag="300" ind1=" " ind2=" ">      <mxc:subfield code="a">Cour d'appel de Grenoble. Audience solennelle de rentrée, 3 octobre 1938</mxc:subfield>   </mxc:datafield>   <mxc:datafield tag="917" ind1=" " ind2=" ">      <mxc:subfield code="o">CRI</mxc:subfield>      <mxc:subfield code="a">CG020605310201P  </mxc:subfield>   </mxc:datafield>
</mxc:record>      </srw:recordData>
<srw:recordIdentifier>ark:/12148/cb31562183w</srw:recordIdentifier>
<srw:recordPosition>22</srw:recordPosition>
<srw:extraRecordData>
<ixm:attr name="CreationDate">19970701</ixm:attr>
<ixm:attr name="LastModificationDate">19970701</ixm:attr>
<mn:score>10.866323</mn:score>
</srw:extraRecordData>
</srw:record>