
<srw:record>
<srw:recordSchema>marcxchange</srw:recordSchema>
<srw:recordPacking>xml</srw:recordPacking>
<srw:recordData>
<mxc:record xmlns:mxc="info:lc/xmlns/marcxchange-v2" format="INTERMARC" id="ark:/12148/cb346105445" type="Bibliographic">   <mxc:leader>00677n5 m 2200027   45a </mxc:leader>   <mxc:controlfield tag="001">FRBNF346105440000002</mxc:controlfield>   <mxc:controlfield tag="003">http://catalogue.bnf.fr/ark:/12148/cb346105445</mxc:controlfield>   <mxc:controlfield tag="008">790122s 1978        .... ....frfre     b  001 </mxc:controlfield>   <mxc:controlfield tag="009">ax d               </mxc:controlfield>   <mxc:datafield tag="015" ind1=" " ind2=" ">      <mxc:subfield code="a">07902257</mxc:subfield>   </mxc:datafield>   <mxc:datafield tag="020" ind1=" " ind2=" ">      <mxc:subfield code="b">Br.</mxc:subfield>      <mxc:subfield code="d">5 F</mxc:subfield>   </mxc:datafield>   <mxc:datafield tag="051" ind1=" " ind2=" ">      <mxc:subfield code="a">txt</mxc:subfield>      <mxc:subfield code="b">n</mxc:subfield>   </mxc:datafield>   <mxc:datafield tag="100" ind1=" " ind2=" ">      <mxc:subfield code="3">11897474</mxc:subfield>      <mxc:subfield code="1">ISNI0000000123205891</mxc:subfield>      <mxc:subfield code="w">.0..b.....</mxc:subfield>      <mxc:subfield code="a">Compère</mxc:subfield>      <mxc:subfield code="m">Daniel</mxc:subfield>      <mxc:subfield code="d">1947-....</mxc:subfield>      <mxc:subfield code="4">0070</mxc:subfield>   </mxc:datafield>   <mxc:datafield tag="245" ind1="1" ind2=" ">      <mxc:subfield code="a">La Vie de Jules Verne</mxc:subfield>      <mxc:subfield code="d">Texte imprimé</mxc:subfield>      <mxc:subfield code="f">Daniel Compère</mxc:subfield>      <mxc:subfield code="g">[publié par le] Centre de documentation Jules Verne</mxc:subfield>   </mxc:datafield>   <mxc:datafield tag="260" ind1=" " ind2=" ">      <mxc:subfield code="a">Amiens</mxc:subfield>      <mxc:subfield code="b">23, rue Caumartin, 80000</mxc:subfield>      <mxc:subfield code="c">Centre de documentation Jules Verne</mxc:subfield>      <mxc:subfield code="d">1978</mxc:subfield>   </mxc:datafield>   <mxc:datafield tag="270" ind1=" " ind2=" ">      <mxc:subfield code="a">80-Amiens</mxc:subfield>      <mxc:subfield code="c">Impr. de l'Office culturel municipal</mxc:subfield>   </mxc:datafield>   <mxc:datafield tag="280" ind1=" " ind2=" ">      <mxc:subfield code="a">[13] p.</mxc:subfield>      <mxc:subfield code="c">couv. ill.</mxc:subfield>      <mxc:subfield code="d">21 cm</mxc:subfield>   </mxc:datafield>   <mxc:datafield tag="300" ind1=" " ind2=" ">      <mxc:subfield code="a">Bibliogr., 1 p.</mxc:subfield>   </mxc:datafield>   <mxc:datafield tag="680" ind1="0" ind2=" ">      <mxc:subfield code="a">92 </mxc:subfield>   </mxc:datafield>   <mxc:datafield tag="710" ind1=" " ind2=" ">      <mxc:subfield code="3">11874273</mxc:subfield>      <mxc:subfield code="1">ISNI0000000122005134</mxc:subfield>      <mxc:subfield code="w">20..b.....</mxc:subfield>      <mxc:subfield code="a">Centre international Jules Verne</mxc:subfield>      <mxc:subfield code="c">Amiens</mxc:subfield>      <mxc:subfield code="4">0360</mxc:subfield>   </mxc:datafield>   <mxc:datafield tag="917" ind1=" " ind2=" ">      <mxc:subfield code="o">OPL</mxc:subfield>      <mxc:subfield code="a">000685084</mxc:subfield>   </mxc:datafield>   <mxc:datafield tag="919" ind1=" " ind2=" ">      <mxc:subfield code="p">FR</mxc:subfield>      <mxc:subfield code="o">BGF</mxc:subfield>      <mxc:subfield code="a">790122006</mxc:subfield>   </mxc:datafield>
</mxc:record>      </srw:recordData>
<srw:recordIdentifier>ark:/12148/cb346105445</srw:recordIdentifier>
<srw:recordPosition>23</srw:recordPosition>
<srw:extraRecordData>
<ixm:attr name="CreationDate">19860717</ixm:attr>
<ixm:attr name="LastModificationDate">19890919</ixm:attr>
<mn:score>10.748554</mn:score>
</srw:extraRecordData>
</srw:record>