
<srw:record>
<srw:recordSchema>marcxchange</srw:recordSchema>
<srw:recordPacking>xml</srw:recordPacking>
<srw:recordData>
<mxc:record xmlns:mxc="info:lc/xmlns/marcxchange-v2" format="INTERMARC" id="ark:/12148/cb345677804" type="Bibliographic">   <mxc:leader>00862c5 m 2200027   45a </mxc:leader>   <mxc:controlfield tag="001">FRBNF345677800000007</mxc:controlfield>   <mxc:controlfield tag="003">http://catalogue.bnf.fr/ark:/12148/cb345677804</mxc:controlfield>   <mxc:controlfield tag="008">750624s 1974        .... ....frfre     b  001 </mxc:controlfield>   <mxc:controlfield tag="009">ax d               </mxc:controlfield>   <mxc:datafield tag="015" ind1=" " ind2=" ">      <mxc:subfield code="a">07508697</mxc:subfield>   </mxc:datafield>   <mxc:datafield tag="020" ind1=" " ind2=" ">      <mxc:subfield code="b">Br.</mxc:subfield>      <mxc:subfield code="d">1,50 F</mxc:subfield>   </mxc:datafield>   <mxc:datafield tag="051" ind1=" " ind2=" ">      <mxc:subfield code="a">txt</mxc:subfield>      <mxc:subfield code="b">n</mxc:subfield>   </mxc:datafield>   <mxc:datafield tag="143" ind1=" " ind2=" ">      <mxc:subfield code="a">Exposition</mxc:subfield>      <mxc:subfield code="m">Amiens</mxc:subfield>      <mxc:subfield code="n">Centre de documentation Jules Verne</mxc:subfield>      <mxc:subfield code="j">1974</mxc:subfield>   </mxc:datafield>   <mxc:datafield tag="245" ind1="1" ind2=" ">      <mxc:subfield code="a">L'Eau dans l'œuvre de Jules Verne</mxc:subfield>      <mxc:subfield code="d">Texte imprimé</mxc:subfield>      <mxc:subfield code="e">[exposition], 28 avril 19 mai 1974, Centre de documentation Jules Verne... Amiens</mxc:subfield>      <mxc:subfield code="f">[catalogue par] Daniel Compère</mxc:subfield>   </mxc:datafield>   <mxc:datafield tag="260" ind1=" " ind2=" ">      <mxc:subfield code="a">Amiens</mxc:subfield>      <mxc:subfield code="b">23, rue Caumartin, 80000</mxc:subfield>      <mxc:subfield code="c">Centre de documentation Jules Verne</mxc:subfield>      <mxc:subfield code="d">1974</mxc:subfield>   </mxc:datafield>   <mxc:datafield tag="280" ind1=" " ind2=" ">      <mxc:subfield code="a">3 f. multigr.</mxc:subfield>      <mxc:subfield code="d">30 cm</mxc:subfield>   </mxc:datafield>   <mxc:datafield tag="680" ind1="0" ind2=" ">      <mxc:subfield code="a">820</mxc:subfield>   </mxc:datafield>   <mxc:datafield tag="690" ind1=" " ind2=" ">      <mxc:subfield code="a">FichUnif</mxc:subfield>   </mxc:datafield>   <mxc:datafield tag="700" ind1=" " ind2=" ">      <mxc:subfield code="3">11897474</mxc:subfield>      <mxc:subfield code="1">ISNI0000000123205891</mxc:subfield>      <mxc:subfield code="w">.0..b.....</mxc:subfield>      <mxc:subfield code="a">Compère</mxc:subfield>      <mxc:subfield code="m">Daniel</mxc:subfield>      <mxc:subfield code="d">1947-....</mxc:subfield>      <mxc:subfield code="4">0070</mxc:subfield>   </mxc:datafield>   <mxc:datafield tag="710" ind1=" " ind2=" ">      <mxc:subfield code="3">11874273</mxc:subfield>      <mxc:subfield code="1">ISNI0000000122005134</mxc:subfield>      <mxc:subfield code="w">20..b.....</mxc:subfield>      <mxc:subfield code="a">Centre international Jules Verne</mxc:subfield>      <mxc:subfield code="c">Amiens</mxc:subfield>      <mxc:subfield code="4">0070</mxc:subfield>   </mxc:datafield>   <mxc:datafield tag="743" ind1=" " ind2=" ">      <mxc:subfield code="a">Exposition</mxc:subfield>      <mxc:subfield code="e">Verne</mxc:subfield>      <mxc:subfield code="f">Jules</mxc:subfield>      <mxc:subfield code="j">1974</mxc:subfield>   </mxc:datafield>   <mxc:datafield tag="917" ind1=" " ind2=" ">      <mxc:subfield code="o">OPL</mxc:subfield>      <mxc:subfield code="a">000213023</mxc:subfield>   </mxc:datafield>   <mxc:datafield tag="919" ind1=" " ind2=" ">      <mxc:subfield code="p">FR</mxc:subfield>      <mxc:subfield code="o">BGF</mxc:subfield>      <mxc:subfield code="a">750624036</mxc:subfield>   </mxc:datafield>   <mxc:datafield tag="998" ind1=" " ind2=" ">      <mxc:subfield code="o">ARS</mxc:subfield>      <mxc:subfield code="a">FU189004240001</mxc:subfield>   </mxc:datafield>   <mxc:datafield tag="998" ind1=" " ind2=" ">      <mxc:subfield code="o">ARS</mxc:subfield>      <mxc:subfield code="a">FU102003950001</mxc:subfield>   </mxc:datafield>   <mxc:datafield tag="998" ind1=" " ind2=" ">      <mxc:subfield code="o">ARS</mxc:subfield>      <mxc:subfield code="a">FU127004760001</mxc:subfield>   </mxc:datafield>
</mxc:record>      </srw:recordData>
<srw:recordIdentifier>ark:/12148/cb345677804</srw:recordIdentifier>
<srw:recordPosition>27</srw:recordPosition>
<srw:extraRecordData>
<ixm:attr name="CreationDate">19860717</ixm:attr>
<ixm:attr name="LastModificationDate">20100923</ixm:attr>
<mn:score>10.743377</mn:score>
</srw:extraRecordData>
</srw:record>