
<srw:record>
<srw:recordSchema>marcxchange</srw:recordSchema>
<srw:recordPacking>xml</srw:recordPacking>
<srw:recordData>
<mxc:record xmlns:mxc="info:lc/xmlns/marcxchange-v2" format="INTERMARC" id="ark:/12148/cb35707378q" type="Bibliographic">   <mxc:leader>00927c0 m 2200027   45a </mxc:leader>   <mxc:controlfield tag="001">FRBNF357073780000002</mxc:controlfield>   <mxc:controlfield tag="003">http://catalogue.bnf.fr/ark:/12148/cb35707378q</mxc:controlfield>   <mxc:controlfield tag="008">940819s 1994        .... ....frfre     b  001 </mxc:controlfield>   <mxc:controlfield tag="009">ax f l j   a       </mxc:controlfield>   <mxc:datafield tag="015" ind1=" " ind2=" ">      <mxc:subfield code="a">09427134</mxc:subfield>   </mxc:datafield>   <mxc:datafield tag="020" ind1=" " ind2=" ">      <mxc:subfield code="a">2-7432-0034-0</mxc:subfield>      <mxc:subfield code="b">br.</mxc:subfield>      <mxc:subfield code="d">25 F</mxc:subfield>   </mxc:datafield>   <mxc:datafield tag="038" ind1=" " ind2=" ">      <mxc:subfield code="a">9782743200343</mxc:subfield>      <mxc:subfield code="2">ALS</mxc:subfield>   </mxc:datafield>   <mxc:datafield tag="051" ind1=" " ind2=" ">      <mxc:subfield code="a">txt</mxc:subfield>      <mxc:subfield code="a">sti</mxc:subfield>      <mxc:subfield code="b">n</mxc:subfield>   </mxc:datafield>   <mxc:datafield tag="100" ind1=" " ind2=" ">      <mxc:subfield code="3">11928016</mxc:subfield>      <mxc:subfield code="1">ISNI0000000121400562</mxc:subfield>      <mxc:subfield code="w"> 0  b.....</mxc:subfield>      <mxc:subfield code="a">Verne</mxc:subfield>      <mxc:subfield code="m">Jules</mxc:subfield>      <mxc:subfield code="d">1828-1905</mxc:subfield>      <mxc:subfield code="4">0070</mxc:subfield>   </mxc:datafield>   <mxc:datafield tag="145" ind1=" " ind2="6">      <mxc:subfield code="3">12243589</mxc:subfield>      <mxc:subfield code="w">.0..b.fre.</mxc:subfield>      <mxc:subfield code="a">L'île mystérieuse</mxc:subfield>      <mxc:subfield code="m">français</mxc:subfield>      <mxc:subfield code="8">20160116PRR1V04</mxc:subfield>   </mxc:datafield>   <mxc:datafield tag="245" ind1="1" ind2=" ">      <mxc:subfield code="a">L'île mystérieuse</mxc:subfield>      <mxc:subfield code="d">Texte imprimé</mxc:subfield>      <mxc:subfield code="f">Jules Verne</mxc:subfield>      <mxc:subfield code="g">ill. de Jules Férat</mxc:subfield>   </mxc:datafield>   <mxc:datafield tag="260" ind1=" " ind2=" ">      <mxc:subfield code="a">[Evry]</mxc:subfield>      <mxc:subfield code="b">BP 75, 91002 Cédex</mxc:subfield>      <mxc:subfield code="c">Éd. Carrefour</mxc:subfield>      <mxc:subfield code="d">1994</mxc:subfield>   </mxc:datafield>   <mxc:datafield tag="270" ind1=" " ind2=" ">      <mxc:subfield code="a">45-Manchecourt</mxc:subfield>      <mxc:subfield code="c">Impr. Maury-Eurolivres</mxc:subfield>   </mxc:datafield>   <mxc:datafield tag="280" ind1=" " ind2=" ">      <mxc:subfield code="a">701 p.</mxc:subfield>      <mxc:subfield code="c">ill., couv. ill. en coul.</mxc:subfield>      <mxc:subfield code="d">19 cm</mxc:subfield>   </mxc:datafield>   <mxc:datafield tag="295" ind1="1" ind2=" ">      <mxc:subfield code="a">Collection Jeunesse</mxc:subfield>      <mxc:subfield code="v">18</mxc:subfield>   </mxc:datafield>   <mxc:datafield tag="410" ind1=" " ind2=" ">      <mxc:subfield code="3">34283664</mxc:subfield>      <mxc:subfield code="t">Collection Jeunesse (Evry)</mxc:subfield>      <mxc:subfield code="x">1255-0671</mxc:subfield>      <mxc:subfield code="v">18</mxc:subfield>   </mxc:datafield>   <mxc:datafield tag="680" ind1="0" ind2=" ">      <mxc:subfield code="a">823</mxc:subfield>   </mxc:datafield>   <mxc:datafield tag="690" ind1=" " ind2=" ">      <mxc:subfield code="a">UnivJeun0</mxc:subfield>   </mxc:datafield>   <mxc:datafield tag="700" ind1=" " ind2=" ">      <mxc:subfield code="3">11902539</mxc:subfield>      <mxc:subfield code="1">ISNI0000000123477838</mxc:subfield>      <mxc:subfield code="w">.0..b.....</mxc:subfield>      <mxc:subfield code="a">Férat</mxc:subfield>      <mxc:subfield code="m">Jules</mxc:subfield>      <mxc:subfield code="d">1829-1906</mxc:subfield>      <mxc:subfield code="4">0440</mxc:subfield>   </mxc:datafield>   <mxc:datafield tag="833" ind1=" " ind2=" ">      <mxc:subfield code="l">JnRoman</mxc:subfield>   </mxc:datafield>   <mxc:datafield tag="917" ind1=" " ind2=" ">      <mxc:subfield code="o">OPL</mxc:subfield>      <mxc:subfield code="a">017856554</mxc:subfield>   </mxc:datafield>   <mxc:datafield tag="919" ind1=" " ind2=" ">      <mxc:subfield code="p">FR</mxc:subfield>      <mxc:subfield code="o">JPL</mxc:subfield>      <mxc:subfield code="a">RETRO0026198100</mxc:subfield>   </mxc:datafield>   <mxc:datafield tag="990" ind1=" " ind2=" ">      <mxc:subfield code="b">DER</mxc:subfield>      <mxc:subfield code="c">Différence(s) secondaire(s) : éditeur (orthographe, variante)</mxc:subfield>      <mxc:subfield code="e">JPL_RETRO</mxc:subfield>   </mxc:datafield>   <mxc:datafield tag="998" ind1=" " ind2=" ">      <mxc:subfield code="o">ALS</mxc:subfield>      <mxc:subfield code="a">0130216</mxc:subfield>   </mxc:datafield>
</mxc:record>      </srw:recordData>
<srw:recordIdentifier>ark:/12148/cb35707378q</srw:recordIdentifier>
<srw:recordPosition>30</srw:recordPosition>
<srw:extraRecordData>
<ixm:attr name="CreationDate">19940819</ixm:attr>
<ixm:attr name="LastModificationDate">20160128</ixm:attr>
<mn:score>10.724906</mn:score>
</srw:extraRecordData>
</srw:record>