
<srw:record>
<srw:recordSchema>marcxchange</srw:recordSchema>
<srw:recordPacking>xml</srw:recordPacking>
<srw:recordData>
<mxc:record xmlns:mxc="info:lc/xmlns/marcxchange-v2" format="INTERMARC" id="ark:/12148/cb356439097" type="Bibliographic">   <mxc:leader>00716c6 m 2200027   45a </mxc:leader>   <mxc:controlfield tag="001">FRBNF356439090000001</mxc:controlfield>   <mxc:controlfield tag="003">http://catalogue.bnf.fr/ark:/12148/cb356439097</mxc:controlfield>   <mxc:controlfield tag="008">800101s 1976        .... ....useng     b  001 </mxc:controlfield>   <mxc:controlfield tag="009">ax x               </mxc:controlfield>   <mxc:datafield tag="015" ind1=" " ind2=" ">      <mxc:subfield code="a">58010247</mxc:subfield>   </mxc:datafield>   <mxc:datafield tag="020" ind1=" " ind2=" ">      <mxc:subfield code="a">0-8008-4439-4</mxc:subfield>   </mxc:datafield>   <mxc:datafield tag="051" ind1=" " ind2=" ">      <mxc:subfield code="a">txt</mxc:subfield>      <mxc:subfield code="b">n</mxc:subfield>   </mxc:datafield>   <mxc:datafield tag="100" ind1=" " ind2=" ">      <mxc:subfield code="3">12644615</mxc:subfield>      <mxc:subfield code="1">ISNI0000000083439748</mxc:subfield>      <mxc:subfield code="w">.0..b.....</mxc:subfield>      <mxc:subfield code="a">Verne</mxc:subfield>      <mxc:subfield code="m">Jean Jules</mxc:subfield>      <mxc:subfield code="d">1892-1980</mxc:subfield>      <mxc:subfield code="4">0070</mxc:subfield>   </mxc:datafield>   <mxc:datafield tag="245" ind1="1" ind2=" ">      <mxc:subfield code="a">Jules Verne</mxc:subfield>      <mxc:subfield code="d">Texte imprimé</mxc:subfield>      <mxc:subfield code="e">a biography</mxc:subfield>      <mxc:subfield code="f">by Jean Jules-Verne</mxc:subfield>      <mxc:subfield code="g">translated [from French] and adapted by Roger Greaves</mxc:subfield>   </mxc:datafield>   <mxc:datafield tag="260" ind1=" " ind2=" ">      <mxc:subfield code="a">New York</mxc:subfield>      <mxc:subfield code="c">Taplinger</mxc:subfield>      <mxc:subfield code="d">1976</mxc:subfield>   </mxc:datafield>   <mxc:datafield tag="280" ind1=" " ind2=" ">      <mxc:subfield code="a">XII-245 p.-[24] p. d'ill.</mxc:subfield>      <mxc:subfield code="d">24 cm</mxc:subfield>   </mxc:datafield>   <mxc:datafield tag="295" ind1="1" ind2=" ">      <mxc:subfield code="a">Arnold lent book</mxc:subfield>   </mxc:datafield>   <mxc:datafield tag="300" ind1=" " ind2=" ">      <mxc:subfield code="a">Bibliogr. p. 227-238. Index</mxc:subfield>   </mxc:datafield>   <mxc:datafield tag="600" ind1=" " ind2=" ">      <mxc:subfield code="3">11928016</mxc:subfield>      <mxc:subfield code="a">Verne</mxc:subfield>      <mxc:subfield code="m">Jules</mxc:subfield>      <mxc:subfield code="d">1828-1905</mxc:subfield>   </mxc:datafield>   <mxc:datafield tag="608" ind1=" " ind2=" ">      <mxc:subfield code="3">11935764</mxc:subfield>      <mxc:subfield code="a">Biographie</mxc:subfield>   </mxc:datafield>   <mxc:datafield tag="680" ind1="5" ind2=" ">      <mxc:subfield code="a">92</mxc:subfield>   </mxc:datafield>   <mxc:datafield tag="700" ind1=" " ind2=" ">      <mxc:subfield code="3">12522837</mxc:subfield>      <mxc:subfield code="1">ISNI0000000107832852</mxc:subfield>      <mxc:subfield code="w">.0..b.....</mxc:subfield>      <mxc:subfield code="a">Greaves</mxc:subfield>      <mxc:subfield code="m">Roger</mxc:subfield>      <mxc:subfield code="d">1941-....</mxc:subfield>      <mxc:subfield code="4">0680</mxc:subfield>   </mxc:datafield>   <mxc:datafield tag="917" ind1=" " ind2=" ">      <mxc:subfield code="o">OPL</mxc:subfield>      <mxc:subfield code="a">016721233</mxc:subfield>   </mxc:datafield>   <mxc:datafield tag="918" ind1=" " ind2=" ">      <mxc:subfield code="o">OPL</mxc:subfield>      <mxc:subfield code="a">00022919</mxc:subfield>      <mxc:subfield code="b">MONCG2</mxc:subfield>   </mxc:datafield>   <mxc:datafield tag="919" ind1=" " ind2=" ">      <mxc:subfield code="p">FR</mxc:subfield>      <mxc:subfield code="o">NCG</mxc:subfield>      <mxc:subfield code="a">A6905020000</mxc:subfield>   </mxc:datafield>
</mxc:record>      </srw:recordData>
<srw:recordIdentifier>ark:/12148/cb356439097</srw:recordIdentifier>
<srw:recordPosition>31</srw:recordPosition>
<srw:extraRecordData>
<ixm:attr name="CreationDate">19940216</ixm:attr>
<ixm:attr name="LastModificationDate">20190914</ixm:attr>
<mn:score>10.724005</mn:score>
</srw:extraRecordData>
</srw:record>