
<srw:record>
<srw:recordSchema>marcxchange</srw:recordSchema>
<srw:recordPacking>xml</srw:recordPacking>
<srw:recordData>
<mxc:record xmlns:mxc="info:lc/xmlns/marcxchange-v2" format="INTERMARC" id="ark:/12148/cb416909240" type="Bibliographic">   <mxc:leader>00664n6 m 22000271h 45a </mxc:leader>   <mxc:controlfield tag="001">FRBNF416909240000006</mxc:controlfield>   <mxc:controlfield tag="003">http://catalogue.bnf.fr/ark:/12148/cb416909240</mxc:controlfield>   <mxc:controlfield tag="008">070101s 1918                 frfre     b  001 </mxc:controlfield>   <mxc:controlfield tag="009">a                  </mxc:controlfield>   <mxc:datafield tag="051" ind1=" " ind2=" ">      <mxc:subfield code="a">txt</mxc:subfield>      <mxc:subfield code="b">n</mxc:subfield>   </mxc:datafield>   <mxc:datafield tag="100" ind1=" " ind2=" ">      <mxc:subfield code="3">11928016</mxc:subfield>      <mxc:subfield code="1">ISNI0000000121400562</mxc:subfield>      <mxc:subfield code="w"> 0  b.....</mxc:subfield>      <mxc:subfield code="a">Verne</mxc:subfield>      <mxc:subfield code="m">Jules</mxc:subfield>      <mxc:subfield code="d">1828-1905</mxc:subfield>      <mxc:subfield code="4">0070</mxc:subfield>   </mxc:datafield>   <mxc:datafield tag="245" ind1="1" ind2=" ">      <mxc:subfield code="a">Michel Strogoff. Moscou-Irkoutsk [1ère partie], ill. de J. Férat</mxc:subfield>      <mxc:subfield code="d">Texte imprimé</mxc:subfield>      <mxc:subfield code="f">Jules Verne</mxc:subfield>   </mxc:datafield>   <mxc:datafield tag="250" ind1=" " ind2=" ">      <mxc:subfield code="a">59e éd.</mxc:subfield>   </mxc:datafield>   <mxc:datafield tag="260" ind1=" " ind2=" ">      <mxc:subfield code="a">Paris</mxc:subfield>      <mxc:subfield code="c">Hachette</mxc:subfield>      <mxc:subfield code="d">1918</mxc:subfield>   </mxc:datafield>   <mxc:datafield tag="280" ind1=" " ind2=" ">      <mxc:subfield code="a">288 p.</mxc:subfield>      <mxc:subfield code="d">in-18</mxc:subfield>   </mxc:datafield>   <mxc:datafield tag="295" ind1="1" ind2=" ">      <mxc:subfield code="a">Collection Hetzel</mxc:subfield>   </mxc:datafield>   <mxc:datafield tag="690" ind1=" " ind2=" ">      <mxc:subfield code="a">FichUnif</mxc:subfield>   </mxc:datafield>   <mxc:datafield tag="700" ind1=" " ind2=" ">      <mxc:subfield code="3">11902539</mxc:subfield>      <mxc:subfield code="1">ISNI0000000123477838</mxc:subfield>      <mxc:subfield code="w">.0..b.....</mxc:subfield>      <mxc:subfield code="a">Férat</mxc:subfield>      <mxc:subfield code="m">Jules</mxc:subfield>      <mxc:subfield code="d">1829-1906</mxc:subfield>      <mxc:subfield code="4">0440</mxc:subfield>   </mxc:datafield>   <mxc:datafield tag="917" ind1=" " ind2=" ">      <mxc:subfield code="o">ARS</mxc:subfield>      <mxc:subfield code="a">FU497006920001P  </mxc:subfield>   </mxc:datafield>   <mxc:datafield tag="990" ind1=" " ind2=" ">      <mxc:subfield code="b">DEC</mxc:subfield>      <mxc:subfield code="c">Pas de mention d'édition, voir n° de partie, voir mail A. Monaque du 11/04/09</mxc:subfield>      <mxc:subfield code="e">ARS-FU</mxc:subfield>   </mxc:datafield>   <mxc:datafield tag="991" ind1=" " ind2=" ">      <mxc:subfield code="a">Auteur_avant_barre_de_classement_en_245_passé_en_245f</mxc:subfield>      <mxc:subfield code="d">2018-06-07</mxc:subfield>   </mxc:datafield>
</mxc:record>      </srw:recordData>
<srw:recordIdentifier>ark:/12148/cb416909240</srw:recordIdentifier>
<srw:recordPosition>33</srw:recordPosition>
<srw:extraRecordData>
<ixm:attr name="CreationDate">20100914</ixm:attr>
<ixm:attr name="LastModificationDate">20180607</ixm:attr>
<mn:score>10.650223</mn:score>
</srw:extraRecordData>
</srw:record>