
<srw:record>
<srw:recordSchema>marcxchange</srw:recordSchema>
<srw:recordPacking>xml</srw:recordPacking>
<srw:recordData>
<mxc:record xmlns:mxc="info:lc/xmlns/marcxchange-v2" format="INTERMARC" id="ark:/12148/cb43423919m" type="Bibliographic">   <mxc:leader>00518n6 m 22000271  45a </mxc:leader>   <mxc:controlfield tag="001">FRBNF434239190000002</mxc:controlfield>   <mxc:controlfield tag="003">http://catalogue.bnf.fr/ark:/12148/cb43423919m</mxc:controlfield>   <mxc:controlfield tag="008">040101s 1923                 xxfre     b  001 </mxc:controlfield>   <mxc:controlfield tag="009">a  x   j        x  </mxc:controlfield>   <mxc:datafield tag="051" ind1=" " ind2=" ">      <mxc:subfield code="a">txt</mxc:subfield>      <mxc:subfield code="b">n</mxc:subfield>   </mxc:datafield>   <mxc:datafield tag="100" ind1=" " ind2=" ">      <mxc:subfield code="3">11928016</mxc:subfield>      <mxc:subfield code="1">ISNI0000000121400562</mxc:subfield>      <mxc:subfield code="w">.0..b.....</mxc:subfield>      <mxc:subfield code="a">Verne</mxc:subfield>      <mxc:subfield code="m">Jules</mxc:subfield>      <mxc:subfield code="d">1828-1905</mxc:subfield>      <mxc:subfield code="4">0070</mxc:subfield>   </mxc:datafield>   <mxc:datafield tag="245" ind1="1" ind2=" ">      <mxc:subfield code="a">Aventures de trois Russes et de trois Anglais dans l'Afrique Australe</mxc:subfield>      <mxc:subfield code="d">Texte imprimé</mxc:subfield>      <mxc:subfield code="f">Jules Verne</mxc:subfield>      <mxc:subfield code="g">J. Férat, ill.</mxc:subfield>   </mxc:datafield>   <mxc:datafield tag="260" ind1=" " ind2=" ">      <mxc:subfield code="c">Hachette</mxc:subfield>      <mxc:subfield code="d">1923</mxc:subfield>   </mxc:datafield>   <mxc:datafield tag="295" ind1="1" ind2=" ">      <mxc:subfield code="a">Hetzel</mxc:subfield>   </mxc:datafield>   <mxc:datafield tag="410" ind1=" " ind2=" ">      <mxc:subfield code="3">37123618</mxc:subfield>      <mxc:subfield code="t">Collection Hetzel</mxc:subfield>   </mxc:datafield>   <mxc:datafield tag="690" ind1=" " ind2=" ">      <mxc:subfield code="a">UnivJeun0</mxc:subfield>   </mxc:datafield>   <mxc:datafield tag="700" ind1=" " ind2=" ">      <mxc:subfield code="3">11902539</mxc:subfield>      <mxc:subfield code="1">ISNI0000000123477838</mxc:subfield>      <mxc:subfield code="w">.0..b.....</mxc:subfield>      <mxc:subfield code="a">Férat</mxc:subfield>      <mxc:subfield code="m">Jules</mxc:subfield>      <mxc:subfield code="d">1829-1906</mxc:subfield>      <mxc:subfield code="4">0440</mxc:subfield>   </mxc:datafield>   <mxc:datafield tag="917" ind1=" " ind2=" ">      <mxc:subfield code="o">ALS</mxc:subfield>      <mxc:subfield code="a">0384309</mxc:subfield>   </mxc:datafield>   <mxc:datafield tag="919" ind1=" " ind2=" ">      <mxc:subfield code="p">FR</mxc:subfield>      <mxc:subfield code="o">JPL</mxc:subfield>      <mxc:subfield code="a">RETRO0098027100</mxc:subfield>   </mxc:datafield>
</mxc:record>      </srw:recordData>
<srw:recordIdentifier>ark:/12148/cb43423919m</srw:recordIdentifier>
<srw:recordPosition>36</srw:recordPosition>
<srw:extraRecordData>
<ixm:attr name="CreationDate">20140819</ixm:attr>
<ixm:attr name="LastModificationDate">20140819</ixm:attr>
<mn:score>10.649909</mn:score>
</srw:extraRecordData>
</srw:record>