
<srw:record>
<srw:recordSchema>marcxchange</srw:recordSchema>
<srw:recordPacking>xml</srw:recordPacking>
<srw:recordData>
<mxc:record xmlns:mxc="info:lc/xmlns/marcxchange-v2" format="INTERMARC" id="ark:/12148/cb349452889" type="Bibliographic">   <mxc:leader>00656n0 m 2200027   45a </mxc:leader>   <mxc:controlfield tag="001">FRBNF349452880000002</mxc:controlfield>   <mxc:controlfield tag="003">http://catalogue.bnf.fr/ark:/12148/cb349452889</mxc:controlfield>   <mxc:controlfield tag="008">880803s 1981        .... ....zzfre     b  0011</mxc:controlfield>   <mxc:controlfield tag="009">ax f z     a       </mxc:controlfield>   <mxc:datafield tag="020" ind1=" " ind2=" ">      <mxc:subfield code="b">Rel.</mxc:subfield>      <mxc:subfield code="d">140 F</mxc:subfield>   </mxc:datafield>   <mxc:datafield tag="051" ind1=" " ind2=" ">      <mxc:subfield code="a">txt</mxc:subfield>      <mxc:subfield code="a">sti</mxc:subfield>      <mxc:subfield code="b">n</mxc:subfield>   </mxc:datafield>   <mxc:datafield tag="100" ind1=" " ind2=" ">      <mxc:subfield code="3">11928016</mxc:subfield>      <mxc:subfield code="1">ISNI0000000121400562</mxc:subfield>      <mxc:subfield code="w"> 0  b.....</mxc:subfield>      <mxc:subfield code="a">Verne</mxc:subfield>      <mxc:subfield code="m">Jules</mxc:subfield>      <mxc:subfield code="d">1828-1905</mxc:subfield>      <mxc:subfield code="4">0070</mxc:subfield>   </mxc:datafield>   <mxc:datafield tag="245" ind1="1" ind2=" ">      <mxc:subfield code="a">Michel Strogoff</mxc:subfield>      <mxc:subfield code="h">1</mxc:subfield>      <mxc:subfield code="d">Texte imprimé</mxc:subfield>      <mxc:subfield code="f">Jules Verne</mxc:subfield>      <mxc:subfield code="g">[illustration] J. Férat</mxc:subfield>   </mxc:datafield>   <mxc:datafield tag="260" ind1=" " ind2=" ">      <mxc:subfield code="a">Genève</mxc:subfield>      <mxc:subfield code="c">Vernoy</mxc:subfield>      <mxc:subfield code="a">[La Seyne-sur-Mer]</mxc:subfield>      <mxc:subfield code="b">B.P. 37, allée Jean Giono, 83509</mxc:subfield>      <mxc:subfield code="c">Éditions de Saint-Louis-en-l'Isle</mxc:subfield>      <mxc:subfield code="d">1981</mxc:subfield>   </mxc:datafield>   <mxc:datafield tag="280" ind1=" " ind2=" ">      <mxc:subfield code="a">250 p.</mxc:subfield>      <mxc:subfield code="c">ill., couv. ill. en coul.</mxc:subfield>      <mxc:subfield code="d">30 cm</mxc:subfield>   </mxc:datafield>   <mxc:datafield tag="290" ind1="1" ind2=" ">      <mxc:subfield code="a">Les Voyages extraordinaires....</mxc:subfield>      <mxc:subfield code="v">[12]</mxc:subfield>   </mxc:datafield>   <mxc:datafield tag="460" ind1=" " ind2=" ">      <mxc:subfield code="3">34298201</mxc:subfield>      <mxc:subfield code="t">Les Voyages extraordinaires</mxc:subfield>      <mxc:subfield code="v">[12]</mxc:subfield>   </mxc:datafield>   <mxc:datafield tag="680" ind1=" " ind2=" ">      <mxc:subfield code="a">823</mxc:subfield>   </mxc:datafield>   <mxc:datafield tag="700" ind1=" " ind2=" ">      <mxc:subfield code="3">11902539</mxc:subfield>      <mxc:subfield code="1">ISNI0000000123477838</mxc:subfield>      <mxc:subfield code="w">.0..b.....</mxc:subfield>      <mxc:subfield code="a">Férat</mxc:subfield>      <mxc:subfield code="m">Jules</mxc:subfield>      <mxc:subfield code="d">1829-1906</mxc:subfield>      <mxc:subfield code="4">0440</mxc:subfield>   </mxc:datafield>   <mxc:datafield tag="917" ind1=" " ind2=" ">      <mxc:subfield code="o">OPL</mxc:subfield>      <mxc:subfield code="a">006001543</mxc:subfield>   </mxc:datafield>
</mxc:record>      </srw:recordData>
<srw:recordIdentifier>ark:/12148/cb349452889</srw:recordIdentifier>
<srw:recordPosition>41</srw:recordPosition>
<srw:extraRecordData>
<ixm:attr name="CreationDate">19880803</ixm:attr>
<ixm:attr name="LastModificationDate">19960323</ixm:attr>
<mn:score>10.649611</mn:score>
</srw:extraRecordData>
</srw:record>