
<srw:record>
<srw:recordSchema>marcxchange</srw:recordSchema>
<srw:recordPacking>xml</srw:recordPacking>
<srw:recordData>
<mxc:record xmlns:mxc="info:lc/xmlns/marcxchange-v2" format="INTERMARC" id="ark:/12148/cb34722591j" type="Bibliographic">   <mxc:leader>00570n5 m 2200027   45a </mxc:leader>   <mxc:controlfield tag="001">FRBNF347225910000008</mxc:controlfield>   <mxc:controlfield tag="003">http://catalogue.bnf.fr/ark:/12148/cb34722591j</mxc:controlfield>   <mxc:controlfield tag="008">831122s 1981        .... ....frfre     b  001 </mxc:controlfield>   <mxc:controlfield tag="009">ax f l             </mxc:controlfield>   <mxc:datafield tag="015" ind1=" " ind2=" ">      <mxc:subfield code="a">08322906</mxc:subfield>   </mxc:datafield>   <mxc:datafield tag="020" ind1=" " ind2=" ">      <mxc:subfield code="a">2-201-01556-2</mxc:subfield>      <mxc:subfield code="b">Rel.</mxc:subfield>      <mxc:subfield code="d">37,30 F</mxc:subfield>   </mxc:datafield>   <mxc:datafield tag="051" ind1=" " ind2=" ">      <mxc:subfield code="a">txt</mxc:subfield>      <mxc:subfield code="b">n</mxc:subfield>   </mxc:datafield>   <mxc:datafield tag="100" ind1=" " ind2=" ">      <mxc:subfield code="3">11928016</mxc:subfield>      <mxc:subfield code="1">ISNI0000000121400562</mxc:subfield>      <mxc:subfield code="w"> 0  b.....</mxc:subfield>      <mxc:subfield code="a">Verne</mxc:subfield>      <mxc:subfield code="m">Jules</mxc:subfield>      <mxc:subfield code="d">1828-1905</mxc:subfield>      <mxc:subfield code="4">0070</mxc:subfield>   </mxc:datafield>   <mxc:datafield tag="245" ind1="1" ind2=" ">      <mxc:subfield code="a">Un Billet de loterie</mxc:subfield>      <mxc:subfield code="d">Texte imprimé</mxc:subfield>      <mxc:subfield code="b">(suivi de) Le Comte de Chanteleine</mxc:subfield>      <mxc:subfield code="e">épisode de la Révolution</mxc:subfield>      <mxc:subfield code="b">(et de) Une Fantaisie du Docteur Ox</mxc:subfield>      <mxc:subfield code="f">Jules Verne</mxc:subfield>   </mxc:datafield>   <mxc:datafield tag="260" ind1=" " ind2=" ">      <mxc:subfield code="a">Paris</mxc:subfield>      <mxc:subfield code="c">Temps actuels</mxc:subfield>      <mxc:subfield code="c">diffusion Messidor</mxc:subfield>      <mxc:subfield code="d">1981</mxc:subfield>   </mxc:datafield>   <mxc:datafield tag="270" ind1=" " ind2=" ">      <mxc:subfield code="a">86-Ligugé</mxc:subfield>      <mxc:subfield code="c">impr. Aubin</mxc:subfield>   </mxc:datafield>   <mxc:datafield tag="280" ind1=" " ind2=" ">      <mxc:subfield code="a">406 p.</mxc:subfield>      <mxc:subfield code="d">21 cm</mxc:subfield>   </mxc:datafield>   <mxc:datafield tag="680" ind1="0" ind2=" ">      <mxc:subfield code="a">83 </mxc:subfield>   </mxc:datafield>   <mxc:datafield tag="917" ind1=" " ind2=" ">      <mxc:subfield code="o">OPL</mxc:subfield>      <mxc:subfield code="a">001981079</mxc:subfield>   </mxc:datafield>   <mxc:datafield tag="919" ind1=" " ind2=" ">      <mxc:subfield code="p">FR</mxc:subfield>      <mxc:subfield code="o">BGF</mxc:subfield>      <mxc:subfield code="a">831122125</mxc:subfield>   </mxc:datafield>
</mxc:record>      </srw:recordData>
<srw:recordIdentifier>ark:/12148/cb34722591j</srw:recordIdentifier>
<srw:recordPosition>43</srw:recordPosition>
<srw:extraRecordData>
<ixm:attr name="CreationDate">19860717</ixm:attr>
<ixm:attr name="LastModificationDate">19880706</ixm:attr>
<mn:score>10.647761</mn:score>
</srw:extraRecordData>
</srw:record>