
<srw:record>
<srw:recordSchema>marcxchange</srw:recordSchema>
<srw:recordPacking>xml</srw:recordPacking>
<srw:recordData>
<mxc:record xmlns:mxc="info:lc/xmlns/marcxchange-v2" format="INTERMARC" id="ark:/12148/cb400355340" type="Bibliographic">   <mxc:leader>00821c0 m 2200027   45a </mxc:leader>   <mxc:controlfield tag="001">FRBNF400355340000003</mxc:controlfield>   <mxc:controlfield tag="003">http://catalogue.bnf.fr/ark:/12148/cb400355340</mxc:controlfield>   <mxc:controlfield tag="008">050915s 2005     fs 1876     frfre     b  002 </mxc:controlfield>   <mxc:controlfield tag="009">a  f               </mxc:controlfield>   <mxc:datafield tag="015" ind1=" " ind2=" ">      <mxc:subfield code="a">00550787</mxc:subfield>      <mxc:subfield code="d">20050101</mxc:subfield>   </mxc:datafield>   <mxc:datafield tag="020" ind1=" " ind2=" ">      <mxc:subfield code="a">2-7532-0056-4</mxc:subfield>      <mxc:subfield code="b">vol. I</mxc:subfield>      <mxc:subfield code="a">2-7532-0057-2</mxc:subfield>      <mxc:subfield code="b">vol. II</mxc:subfield>      <mxc:subfield code="b">rel.</mxc:subfield>      <mxc:subfield code="d">8 EUR</mxc:subfield>      <mxc:subfield code="b">le vol.</mxc:subfield>   </mxc:datafield>   <mxc:datafield tag="051" ind1=" " ind2=" ">      <mxc:subfield code="a">txt</mxc:subfield>      <mxc:subfield code="b">n</mxc:subfield>   </mxc:datafield>   <mxc:datafield tag="100" ind1=" " ind2=" ">      <mxc:subfield code="3">11928016</mxc:subfield>      <mxc:subfield code="1">ISNI0000000121400562</mxc:subfield>      <mxc:subfield code="w"> 0  b.....</mxc:subfield>      <mxc:subfield code="a">Verne</mxc:subfield>      <mxc:subfield code="m">Jules</mxc:subfield>      <mxc:subfield code="d">1828-1905</mxc:subfield>      <mxc:subfield code="4">0070</mxc:subfield>   </mxc:datafield>   <mxc:datafield tag="245" ind1="1" ind2=" ">      <mxc:subfield code="a">Michel Strogoff</mxc:subfield>      <mxc:subfield code="d">Texte imprimé</mxc:subfield>      <mxc:subfield code="e">Moscou-Irkoutsk</mxc:subfield>      <mxc:subfield code="b">suivi de Un drame au Mexique</mxc:subfield>      <mxc:subfield code="f">par Jules Verne</mxc:subfield>      <mxc:subfield code="g">dessins de J. Férat...</mxc:subfield>   </mxc:datafield>   <mxc:datafield tag="250" ind1=" " ind2=" ">      <mxc:subfield code="a">[Reproduction en fac-similé]</mxc:subfield>   </mxc:datafield>   <mxc:datafield tag="260" ind1=" " ind2=" ">      <mxc:subfield code="a">[Paris]</mxc:subfield>      <mxc:subfield code="c">Elcy</mxc:subfield>      <mxc:subfield code="d">DL 2005</mxc:subfield>   </mxc:datafield>   <mxc:datafield tag="270" ind1=" " ind2=" ">      <mxc:subfield code="a">37-Tours</mxc:subfield>      <mxc:subfield code="c">Impr. Mame</mxc:subfield>   </mxc:datafield>   <mxc:datafield tag="280" ind1=" " ind2=" ">      <mxc:subfield code="a">2 vol. (179, 190 p.)</mxc:subfield>      <mxc:subfield code="c">ill., couv. ill. en coul.</mxc:subfield>      <mxc:subfield code="d">28 cm</mxc:subfield>   </mxc:datafield>   <mxc:datafield tag="290" ind1="1" ind2=" ">      <mxc:subfield code="a">Les voyages extraordinaires</mxc:subfield>   </mxc:datafield>   <mxc:datafield tag="324" ind1=" " ind2="1">      <mxc:subfield code="k">Fac-sim. de l'éd. de</mxc:subfield>      <mxc:subfield code="b">Paris</mxc:subfield>      <mxc:subfield code="c">Hetzel</mxc:subfield>      <mxc:subfield code="d">1876</mxc:subfield>   </mxc:datafield>   <mxc:datafield tag="460" ind1=" " ind2=" ">      <mxc:subfield code="3">40051270</mxc:subfield>      <mxc:subfield code="t">Les voyages extraordinaires</mxc:subfield>      <mxc:subfield code="d">2005</mxc:subfield>   </mxc:datafield>   <mxc:datafield tag="680" ind1="0" ind2=" ">      <mxc:subfield code="a">803</mxc:subfield>      <mxc:subfield code="b">803</mxc:subfield>   </mxc:datafield>   <mxc:datafield tag="700" ind1=" " ind2=" ">      <mxc:subfield code="3">11902539</mxc:subfield>      <mxc:subfield code="1">ISNI0000000123477838</mxc:subfield>      <mxc:subfield code="w">.0..b.....</mxc:subfield>      <mxc:subfield code="a">Férat</mxc:subfield>      <mxc:subfield code="m">Jules</mxc:subfield>      <mxc:subfield code="d">1829-1906</mxc:subfield>      <mxc:subfield code="4">0440</mxc:subfield>   </mxc:datafield>   <mxc:datafield tag="748" ind1=" " ind2=" ">      <mxc:subfield code="a">Un drame au Mexique</mxc:subfield>   </mxc:datafield>
</mxc:record>      </srw:recordData>
<srw:recordIdentifier>ark:/12148/cb400355340</srw:recordIdentifier>
<srw:recordPosition>45</srw:recordPosition>
<srw:extraRecordData>
<ixm:attr name="CreationDate">20050915</ixm:attr>
<ixm:attr name="LastModificationDate">20051013</ixm:attr>
<mn:score>10.6464615</mn:score>
</srw:extraRecordData>
</srw:record>