
<srw:record>
<srw:recordSchema>marcxchange</srw:recordSchema>
<srw:recordPacking>xml</srw:recordPacking>
<srw:recordData>
<mxc:record xmlns:mxc="info:lc/xmlns/marcxchange-v2" format="INTERMARC" id="ark:/12148/cb371080860" type="Bibliographic">   <mxc:leader>00853c0 m 2200027   45a </mxc:leader>   <mxc:controlfield tag="001">FRBNF37108086000000X</mxc:controlfield>   <mxc:controlfield tag="003">http://catalogue.bnf.fr/ark:/12148/cb371080860</mxc:controlfield>   <mxc:controlfield tag="008">000619s 2000        .... ....frfre     b  001 </mxc:controlfield>   <mxc:controlfield tag="009">ax f l j   a       </mxc:controlfield>   <mxc:datafield tag="015" ind1=" " ind2=" ">      <mxc:subfield code="a">00051079</mxc:subfield>   </mxc:datafield>   <mxc:datafield tag="020" ind1=" " ind2=" ">      <mxc:subfield code="a">2-07-052765-4</mxc:subfield>      <mxc:subfield code="b">br.</mxc:subfield>      <mxc:subfield code="d">40 F</mxc:subfield>   </mxc:datafield>   <mxc:datafield tag="038" ind1=" " ind2=" ">      <mxc:subfield code="a">9782070527656</mxc:subfield>      <mxc:subfield code="2">ALS</mxc:subfield>   </mxc:datafield>   <mxc:datafield tag="051" ind1=" " ind2=" ">      <mxc:subfield code="a">txt</mxc:subfield>      <mxc:subfield code="a">sti</mxc:subfield>      <mxc:subfield code="b">n</mxc:subfield>   </mxc:datafield>   <mxc:datafield tag="100" ind1=" " ind2=" ">      <mxc:subfield code="3">11928016</mxc:subfield>      <mxc:subfield code="1">ISNI0000000121400562</mxc:subfield>      <mxc:subfield code="w"> 0  b.....</mxc:subfield>      <mxc:subfield code="a">Verne</mxc:subfield>      <mxc:subfield code="m">Jules</mxc:subfield>      <mxc:subfield code="d">1828-1905</mxc:subfield>      <mxc:subfield code="4">0070</mxc:subfield>   </mxc:datafield>   <mxc:datafield tag="245" ind1="1" ind2=" ">      <mxc:subfield code="a">Michel Strogoff</mxc:subfield>      <mxc:subfield code="d">Texte imprimé</mxc:subfield>      <mxc:subfield code="f">Jules Verne</mxc:subfield>      <mxc:subfield code="g">ill. de J. Férat</mxc:subfield>   </mxc:datafield>   <mxc:datafield tag="260" ind1=" " ind2=" ">      <mxc:subfield code="a">[Paris]</mxc:subfield>      <mxc:subfield code="c">Gallimard jeunesse</mxc:subfield>      <mxc:subfield code="d">2000</mxc:subfield>   </mxc:datafield>   <mxc:datafield tag="270" ind1=" " ind2=" ">      <mxc:subfield code="a">27-Mesnil-sur-l'Estrée</mxc:subfield>      <mxc:subfield code="c">Impr. Firmin-Didot</mxc:subfield>   </mxc:datafield>   <mxc:datafield tag="280" ind1=" " ind2=" ">      <mxc:subfield code="a">443 p.</mxc:subfield>      <mxc:subfield code="c">ill., couv. ill. en coul.</mxc:subfield>      <mxc:subfield code="d">18 cm</mxc:subfield>   </mxc:datafield>   <mxc:datafield tag="295" ind1="1" ind2=" ">      <mxc:subfield code="a">Collection Folio junior</mxc:subfield>      <mxc:subfield code="v">1047</mxc:subfield>   </mxc:datafield>   <mxc:datafield tag="410" ind1=" " ind2=" ">      <mxc:subfield code="3">34226165</mxc:subfield>      <mxc:subfield code="t">Collection Folio junior</mxc:subfield>      <mxc:subfield code="x">0153-0593</mxc:subfield>      <mxc:subfield code="v">1047</mxc:subfield>   </mxc:datafield>   <mxc:datafield tag="680" ind1="0" ind2=" ">      <mxc:subfield code="a">823</mxc:subfield>   </mxc:datafield>   <mxc:datafield tag="690" ind1=" " ind2=" ">      <mxc:subfield code="a">UnivJeun0</mxc:subfield>   </mxc:datafield>   <mxc:datafield tag="700" ind1=" " ind2=" ">      <mxc:subfield code="3">11902539</mxc:subfield>      <mxc:subfield code="1">ISNI0000000123477838</mxc:subfield>      <mxc:subfield code="w">.0..b.....</mxc:subfield>      <mxc:subfield code="a">Férat</mxc:subfield>      <mxc:subfield code="m">Jules</mxc:subfield>      <mxc:subfield code="d">1829-1906</mxc:subfield>      <mxc:subfield code="4">0440</mxc:subfield>   </mxc:datafield>   <mxc:datafield tag="833" ind1=" " ind2=" ">      <mxc:subfield code="l">JnRoman</mxc:subfield>   </mxc:datafield>   <mxc:datafield tag="917" ind1=" " ind2=" ">      <mxc:subfield code="o">OPL</mxc:subfield>      <mxc:subfield code="a">025459513</mxc:subfield>   </mxc:datafield>   <mxc:datafield tag="919" ind1=" " ind2=" ">      <mxc:subfield code="p">FR</mxc:subfield>      <mxc:subfield code="o">JPL</mxc:subfield>      <mxc:subfield code="a">RETRO0026194100</mxc:subfield>   </mxc:datafield>   <mxc:datafield tag="990" ind1=" " ind2=" ">      <mxc:subfield code="b">DER</mxc:subfield>      <mxc:subfield code="c">Différence(s) secondaire(s) : collection</mxc:subfield>      <mxc:subfield code="e">JPL_RETRO</mxc:subfield>   </mxc:datafield>   <mxc:datafield tag="998" ind1=" " ind2=" ">      <mxc:subfield code="o">ALS</mxc:subfield>      <mxc:subfield code="a">0032813</mxc:subfield>   </mxc:datafield>   <mxc:datafield tag="998" ind1=" " ind2=" ">      <mxc:subfield code="o">ALS</mxc:subfield>      <mxc:subfield code="a">1138713</mxc:subfield>   </mxc:datafield>
</mxc:record>      </srw:recordData>
<srw:recordIdentifier>ark:/12148/cb371080860</srw:recordIdentifier>
<srw:recordPosition>47</srw:recordPosition>
<srw:extraRecordData>
<ixm:attr name="CreationDate">20000619</ixm:attr>
<ixm:attr name="LastModificationDate">20140708</ixm:attr>
<mn:score>10.6464615</mn:score>
</srw:extraRecordData>
</srw:record>